<?xml version="1.0" encoding="UTF-8"?>
<!DOCTYPE html PUBLIC "-//W3C//DTD XHTML 1.0 Transitional//EN"
    "http://www.w3.org/TR/xhtml1/DTD/xhtml1-transitional.dtd">
<html xmlns="http://www.w3.org/1999/xhtml" xml:lang="en" lang="en">
 <head>
  <title>
</title>
<meta http-equiv="Content-Type" content="text/html;charset=utf-8" />
  <meta name='ocr-system' content='tesseract 3.04.00' />
  <meta name='ocr-capabilities' content='ocr_page ocr_carea ocr_par ocr_line ocrx_word'/>
</head>
<body>
  <div class='ocr_page' id='page_1' title='image "annalesacademia04goog_0112.png"; bbox 0 0 1142 1498; ppageno 0'>
   <div class='ocr_carea' id='block_1_1' title="bbox 272 180 746 211">
    <p class='ocr_par' dir='ltr' id='par_1_1' title="bbox 272 180 746 211">
     <span class='ocr_line' id='line_1_1' title="bbox 272 180 746 211; baseline 0.004 -8"><span class='ocrx_word' id='word_1_1' title='bbox 272 186 301 211; x_wconf 74' lang='lat'><strong>44</strong></span> <span class='ocrx_word' id='word_1_2' title='bbox 523 183 542 204; x_wconf 86' lang='lat' dir='ltr'><strong>J.</strong></span> <span class='ocrx_word' id='word_1_3' title='bbox 550 180 587 205; x_wconf 50' lang='lat' dir='ltr'><strong>‘M.</strong></span> <span class='ocrx_word' id='word_1_4' title='bbox 604 183 629 204; x_wconf 81' lang='lat' dir='ltr'><strong>F.</strong></span> <span class='ocrx_word' id='word_1_5' title='bbox 644 183 746 205; x_wconf 70' lang='lat' dir='ltr'><strong>Bmunamr</strong></span> 
     </span>
    </p>
   </div>
   <div class='ocr_carea' id='block_1_2' title="bbox 249 237 1008 1152">
    <p class='ocr_par' dir='ltr' id='par_1_2' title="bbox 249 237 1008 1152">
     <span class='ocr_line' id='line_1_2' title="bbox 300 237 1001 268; baseline 0 -9"><span class='ocrx_word' id='word_1_6' title='bbox 300 239 403 267; x_wconf 81' lang='lat' dir='ltr'><strong>Magnum</strong></span> <span class='ocrx_word' id='word_1_7' title='bbox 414 245 463 260; x_wconf 74' lang='lat' dir='ltr'><strong>sane</strong></span> <span class='ocrx_word' id='word_1_8' title='bbox 476 243 519 259; x_wconf 80' lang='lat' dir='ltr'><strong>tam</strong></span> <span class='ocrx_word' id='word_1_9' title='bbox 532 238 555 259; x_wconf 87' lang='lat' dir='ltr'><strong>in</strong></span> <span class='ocrx_word' id='word_1_10' title='bbox 567 237 652 259; x_wconf 84' lang='lat' dir='ltr'><strong>Codicis</strong></span> <span class='ocrx_word' id='word_1_11' title='bbox 664 239 772 260; x_wconf 84' lang='lat' dir='ltr'><strong>novissimi</strong></span> <span class='ocrx_word' id='word_1_12' title='bbox 784 245 847 268; x_wconf 80' lang='lat' dir='ltr'><strong>quam</strong></span> <span class='ocrx_word' id='word_1_13' title='bbox 860 239 882 259; x_wconf 86' lang='lat' dir='ltr'><strong>iu</strong></span> <span class='ocrx_word' id='word_1_14' title='bbox 893 237 951 259; x_wconf 75' lang='lat' dir='ltr'><strong>iuius</strong></span> <span class='ocrx_word' id='word_1_15' title='bbox 963 238 1001 268; x_wconf 85' lang='lat' dir='ltr'><strong>qui</strong></span> 
     </span>
     <span class='ocr_line' id='line_1_3' title="bbox 273 269 1002 300; baseline -0.001 -8"><span class='ocrx_word' id='word_1_16' title='bbox 273 270 371 292; x_wconf 82' lang='lat' dir='ltr'><strong>eumdem</strong></span> <span class='ocrx_word' id='word_1_17' title='bbox 387 272 498 300; x_wconf 75' lang='lat' dir='ltr'>praecessit</span> <span class='ocrx_word' id='word_1_18' title='bbox 512 270 648 299; x_wconf 76' lang='lat' dir='ltr'>simplicitate</span> <span class='ocrx_word' id='word_1_19' title='bbox 662 277 795 292; x_wconf 78' lang='lat' dir='ltr'>momentum</span> <span class='ocrx_word' id='word_1_20' title='bbox 810 276 856 299; x_wconf 86' lang='lat' dir='ltr'><strong>est,</strong></span> <span class='ocrx_word' id='word_1_21' title='bbox 871 271 889 291; x_wconf 78' lang='lat' dir='ltr'><strong>si</strong></span> <span class='ocrx_word' id='word_1_22' title='bbox 905 269 960 292; x_wconf 85' lang='lat' dir='ltr'><strong>illud</strong></span> <span class='ocrx_word' id='word_1_23' title='bbox 974 269 1002 291; x_wconf 89' lang='lat' dir='ltr'><strong>ad</strong></span> 
     </span>
     <span class='ocr_line' id='line_1_4' title="bbox 273 302 1001 332; baseline -0.001 -7"><span class='ocrx_word' id='word_1_24' title='bbox 273 304 384 332; x_wconf 77' lang='lat' dir='ltr'><strong>pristinam</strong></span> <span class='ocrx_word' id='word_1_25' title='bbox 400 311 446 325; x_wconf 93' lang='lat' dir='ltr'><strong>eam</strong></span> <span class='ocrx_word' id='word_1_26' title='bbox 460 304 517 325; x_wconf 85' lang='lat' dir='ltr'><strong>Juris</strong></span> <span class='ocrx_word' id='word_1_27' title='bbox 532 303 653 324; x_wconf 86' lang='lat' dir='ltr'><strong>Crimiualis</strong></span> <span class='ocrx_word' id='word_1_28' title='bbox 667 303 840 325; x_wconf 84' lang='lat' dir='ltr'><strong>Franco-Gallici</strong></span> <span class='ocrx_word' id='word_1_29' title='bbox 856 302 1001 325; x_wconf 87' lang='lat' dir='ltr'><strong>conditionem</strong></span> 
     </span>
     <span class='ocr_line' id='line_1_5' title="bbox 273 336 1002 365; baseline 0 -8"><span class='ocrx_word' id='word_1_30' title='bbox 273 337 420 364; x_wconf 74' lang='lat' dir='ltr'><strong>aestimamus,</strong></span> <span class='ocrx_word' id='word_1_31' title='bbox 435 344 484 358; x_wconf 86' lang='lat' dir='ltr'><strong>cum</strong></span> <span class='ocrx_word' id='word_1_32' title='bbox 499 337 532 364; x_wconf 72' lang='lat' dir='ltr'><strong>ius</strong></span> <span class='ocrx_word' id='word_1_33' title='bbox 547 336 660 357; x_wconf 85' lang='lat' dir='ltr'><strong>criminum</strong></span> <span class='ocrx_word' id='word_1_34' title='bbox 678 341 742 365; x_wconf 83' lang='lat' dir='ltr'><strong>atque</strong></span> <span class='ocrx_word' id='word_1_35' title='bbox 756 343 873 365; x_wconf 79' lang='lat' dir='ltr'><strong>poenarum</strong></span> <span class='ocrx_word' id='word_1_36' title='bbox 885 343 910 357; x_wconf 85' lang='lat' dir='ltr'><strong>ex</strong></span> <span class='ocrx_word' id='word_1_37' title='bbox 920 336 1002 364; x_wconf 82' lang='lat' dir='ltr'>Regum</span> 
     </span>
     <span class='ocr_line' id='line_1_6' title="bbox 249 368 1002 391; baseline 0 -1"><span class='ocrx_word' id='word_1_38' title='bbox 249 382 251 384; x_wconf 98' lang='lat'>-</span> <span class='ocrx_word' id='word_1_39' title='bbox 274 368 444 391; x_wconf 74' lang='lat' dir='ltr'><strong>ordinationibus</strong></span> <span class='ocrx_word' id='word_1_40' title='bbox 467 369 584 390; x_wconf 72' lang='lat' dir='ltr'><strong>innumeris</strong></span> <span class='ocrx_word' id='word_1_41' title='bbox 607 374 628 390; x_wconf 85' lang='lat' dir='ltr'><strong>et</strong></span> <span class='ocrx_word' id='word_1_42' title='bbox 652 368 841 391; x_wconf 79' lang='lat' dir='ltr'><strong>diversissimarum</strong></span> <span class='ocrx_word' id='word_1_43' title='bbox 865 368 1002 390; x_wconf 83' lang='lat' dir='ltr'><strong>consuetudi-</strong></span> 
     </span>
     <span class='ocr_line' id='line_1_7' title="bbox 273 402 1003 430; baseline 0 -7"><span class='ocrx_word' id='word_1_44' title='bbox 273 409 326 423; x_wconf 88' lang='lat' dir='ltr'><strong>num</strong></span> <span class='ocrx_word' id='word_1_45' title='bbox 342 402 494 423; x_wconf 83' lang='lat' dir='ltr'><strong>constitutioue</strong></span> <span class='ocrx_word' id='word_1_46' title='bbox 509 403 532 423; x_wconf 87' lang='lat' dir='ltr'><strong>in</strong></span> <span class='ocrx_word' id='word_1_47' title='bbox 550 402 612 424; x_wconf 78' lang='lat' dir='ltr'><strong>variis</strong></span> <span class='ocrx_word' id='word_1_48' title='bbox 628 402 686 430; x_wconf 81' lang='lat' dir='ltr'><strong>regui</strong></span> <span class='ocrx_word' id='word_1_49' title='bbox 704 402 756 423; x_wconf 82' lang='lat' dir='ltr'><strong>locis</strong></span> <span class='ocrx_word' id='word_1_50' title='bbox 775 403 832 423; x_wconf 87' lang='lat' dir='ltr'><strong>varia</strong></span> <span class='ocrx_word' id='word_1_51' title='bbox 850 402 932 423; x_wconf 80' lang='lat' dir='ltr'><strong>ratione</strong></span> <span class='ocrx_word' id='word_1_52' title='bbox 948 409 1003 423; x_wconf 85' lang='lat' dir='ltr'><strong>exer-</strong></span> 
     </span>
     <span class='ocr_line' id='line_1_8' title="bbox 272 434 1003 463; baseline -0.001 -7"><span class='ocrx_word' id='word_1_53' title='bbox 272 440 367 463; x_wconf 72' lang='lat' dir='ltr'><strong>cei-etur,</strong></span> <span class='ocrx_word' id='word_1_54' title='bbox 383 440 404 456; x_wconf 82' lang='lat' dir='ltr'><strong>et</strong></span> <span class='ocrx_word' id='word_1_55' title='bbox 423 434 489 456; x_wconf 87' lang='lat' dir='ltr'><strong>modo</strong></span> <span class='ocrx_word' id='word_1_56' title='bbox 507 434 598 456; x_wconf 74' lang='lat' dir='ltr'><strong>Romani</strong></span> <span class='ocrx_word' id='word_1_57' title='bbox 618 435 684 456; x_wconf 86' lang='lat' dir='ltr'><strong>modo</strong></span> <span class='ocrx_word' id='word_1_58' title='bbox 701 435 803 463; x_wconf 81' lang='lat' dir='ltr'><strong>Mosaioi,</strong></span> <span class='ocrx_word' id='word_1_59' title='bbox 819 434 884 456; x_wconf 87' lang='lat' dir='ltr'><strong>modo</strong></span> <span class='ocrx_word' id='word_1_60' title='bbox 900 434 1003 456; x_wconf 85' lang='lat' dir='ltr'><strong>Canoniei</strong></span> 
     </span>
     <span class='ocr_line' id='line_1_9' title="bbox 272 467 1002 497; baseline -0.001 -8"><span class='ocrx_word' id='word_1_61' title='bbox 272 467 336 489; x_wconf 85' lang='lat' dir='ltr'><strong>modo</strong></span> <span class='ocrx_word' id='word_1_62' title='bbox 350 467 450 489; x_wconf 84' lang='lat' dir='ltr'><strong>Feudalis</strong></span> <span class='ocrx_word' id='word_1_63' title='bbox 465 467 522 489; x_wconf 82' lang='lat' dir='ltr'><strong>Juris</strong></span> <span class='ocrx_word' id='word_1_64' title='bbox 535 472 646 496; x_wconf 82' lang='lat' dir='ltr'><strong>praecepta</strong></span> <span class='ocrx_word' id='word_1_65' title='bbox 661 467 765 497; x_wconf 79' lang='lat' dir='ltr'>quaedam</span> <span class='ocrx_word' id='word_1_66' title='bbox 783 468 805 488; x_wconf 87' lang='lat' dir='ltr'><strong>iu</strong></span> <span class='ocrx_word' id='word_1_67' title='bbox 820 467 922 488; x_wconf 86' lang='lat' dir='ltr'><strong>auxilium</strong></span> <span class='ocrx_word' id='word_1_68' title='bbox 937 474 1002 489; x_wconf 78' lang='lat' dir='ltr'><strong>voca-</strong></span> 
     </span>
     <span class='ocr_line' id='line_1_10' title="bbox 273 499 1003 529; baseline 0 -8"><span class='ocrx_word' id='word_1_69' title='bbox 273 506 359 528; x_wconf 79' lang='lat' dir='ltr'><strong>rentur⁷</strong></span> <span class='ocrx_word' id='word_1_70' title='bbox 376 500 414 521; x_wconf 82' lang='lat' dir='ltr'><strong>ubi</strong></span> <span class='ocrx_word' id='word_1_71' title='bbox 432 499 458 521; x_wconf 87' lang='lat' dir='ltr'><strong>de</strong></span> <span class='ocrx_word' id='word_1_72' title='bbox 475 500 590 529; x_wconf 78' lang='lat' dir='ltr'><strong>puniendis</strong></span> <span class='ocrx_word' id='word_1_73' title='bbox 607 499 715 521; x_wconf 76' lang='lat' dir='ltr'><strong>maleficiis</strong></span> <span class='ocrx_word' id='word_1_74' title='bbox 734 500 841 528; x_wconf 76' lang='lat' dir='ltr'><strong>agebatur.</strong></span> <span class='ocrx_word' id='word_1_75' title='bbox 862 500 937 529; x_wconf 81' lang='lat' dir='ltr'><strong>Neque</strong></span> <span class='ocrx_word' id='word_1_76' title='bbox 950 507 1003 521; x_wconf 79' lang='lat' dir='ltr'><strong>vero</strong></span> 
     </span>
     <span class='ocr_line' id='line_1_11' title="bbox 274 532 1002 562; baseline -0.001 -8"><span class='ocrx_word' id='word_1_77' title='bbox 274 532 338 554; x_wconf 77' lang='lat' dir='ltr'><strong>hodie</strong></span> <span class='ocrx_word' id='word_1_78' title='bbox 352 533 401 554; x_wconf 73' lang='lat' dir='ltr'><strong>solis</strong></span> <span class='ocrx_word' id='word_1_79' title='bbox 417 532 534 554; x_wconf 80' lang='lat' dir='ltr'><strong>codicibus</strong></span> <span class='ocrx_word' id='word_1_80' title='bbox 550 540 666 561; x_wconf 82' lang='lat' dir='ltr'><strong>poenarum</strong></span> <span class='ocrx_word' id='word_1_81' title='bbox 687 538 709 554; x_wconf 84' lang='lat' dir='ltr'><strong>et</strong></span> <span class='ocrx_word' id='word_1_82' title='bbox 727 533 876 562; x_wconf 81' lang='lat' dir='ltr'><strong>quaestionum</strong></span> <span class='ocrx_word' id='word_1_83' title='bbox 895 532 1002 554; x_wconf 83' lang='lat' dir='ltr'><strong>Crimina-</strong></span> 
     </span>
     <span class='ocr_line' id='line_1_12' title="bbox 266 565 1003 593; baseline 0 -6"><span class='ocrx_word' id='word_1_84' title='bbox 266 565 327 587; x_wconf 56' lang='lat' dir='ltr'><strong>›lium</strong></span> <span class='ocrx_word' id='word_1_85' title='bbox 341 571 412 587; x_wconf 86' lang='lat' dir='ltr'><strong>totum</strong></span> <span class='ocrx_word' id='word_1_86' title='bbox 426 566 466 587; x_wconf 86' lang='lat' dir='ltr'><strong>Jus</strong></span> <span class='ocrx_word' id='word_1_87' title='bbox 480 566 596 587; x_wconf 71' lang='lat' dir='ltr'><strong>criminale</strong></span> <span class='ocrx_word' id='word_1_88' title='bbox 609 566 813 587; x_wconf 82' lang='lat' dir='ltr'><strong>Franco-Gallicum</strong></span> <span class='ocrx_word' id='word_1_89' title='bbox 827 571 917 587; x_wconf 82' lang='lat' dir='ltr'><strong>constat.</strong></span> <span class='ocrx_word' id='word_1_90' title='bbox 932 565 1003 593; x_wconf 80' lang='lat' dir='ltr'><strong>Quam</strong></span> 
     </span>
     <span class='ocr_line' id='line_1_13' title="bbox 273 597 1003 627; baseline -0.001 -8"><span class='ocrx_word' id='word_1_91' title='bbox 273 598 375 627; x_wconf 77' lang='lat' dir='ltr'><strong>plurimas</strong></span> <span class='ocrx_word' id='word_1_92' title='bbox 392 598 448 626; x_wconf 74' lang='lat' dir='ltr'><strong>leges</strong></span> <span class='ocrx_word' id='word_1_93' title='bbox 464 598 563 626; x_wconf 82' lang='lat' dir='ltr'><strong>poenales</strong></span> <span class='ocrx_word' id='word_1_94' title='bbox 580 598 696 626; x_wconf 78' lang='lat' dir='ltr'><strong>singulares</strong></span> <span class='ocrx_word' id='word_1_95' title='bbox 713 606 751 627; x_wconf 83' lang='lat' dir='ltr'><strong>per</strong></span> <span class='ocrx_word' id='word_1_96' title='bbox 768 597 869 620; x_wconf 88' lang='lat' dir='ltr'><strong>Codieem</strong></span> <span class='ocrx_word' id='word_1_97' title='bbox 887 600 1003 627; x_wconf 77' lang='lat' dir='ltr'><strong>poenarum</strong></span> 
     </span>
     <span class='ocr_line' id='line_1_14' title="bbox 273 630 1004 660; baseline -0.001 -8"><span class='ocrx_word' id='word_1_98' title='bbox 273 638 317 652; x_wconf 88' lang='lat' dir='ltr'><strong>nou</strong></span> <span class='ocrx_word' id='word_1_99' title='bbox 334 631 444 658; x_wconf 79' lang='lat' dir='ltr'><strong>abrogatas</strong></span> <span class='ocrx_word' id='word_1_100' title='bbox 460 638 513 659; x_wconf 80' lang='lat' dir='ltr'><strong>esse,</strong></span> <span class='ocrx_word' id='word_1_101' title='bbox 529 638 561 652; x_wconf 84' lang='lat' dir='ltr'><strong>res</strong></span> <span class='ocrx_word' id='word_1_102' title='bbox 579 636 610 652; x_wconf 86' lang='lat' dir='ltr'><strong>est</strong></span> <span class='ocrx_word' id='word_1_103' title='bbox 626 631 740 652; x_wconf 83' lang='lat' dir='ltr'><strong>notissima.</strong></span> <span class='ocrx_word' id='word_1_104' title='bbox 760 631 834 660; x_wconf 81' lang='lat' dir='ltr'><strong>Neque</strong></span> <span class='ocrx_word' id='word_1_105' title='bbox 853 631 900 660; x_wconf 81' lang='lat' dir='ltr'><strong>quis</strong></span> <span class='ocrx_word' id='word_1_106' title='bbox 919 630 1004 658; x_wconf 79' lang='lat' dir='ltr'><strong>ignorat</strong></span> 
     </span>
     <span class='ocr_line' id='line_1_15' title="bbox 274 662 1004 692; baseline 0 -8"><span class='ocrx_word' id='word_1_107' title='bbox 274 669 295 684; x_wconf 84' lang='lat' dir='ltr'><strong>et</strong></span> <span class='ocrx_word' id='word_1_108' title='bbox 305 664 432 692; x_wconf 76' lang='lat' dir='ltr'><strong>antiquitate</strong></span> <span class='ocrx_word' id='word_1_109' title='bbox 441 668 463 684; x_wconf 85' lang='lat' dir='ltr'><strong>et</strong></span> <span class='ocrx_word' id='word_1_110' title='bbox 473 663 545 684; x_wconf 88' lang='lat' dir='ltr'><strong>indole</strong></span> <span class='ocrx_word' id='word_1_111' title='bbox 556 663 706 685; x_wconf 87' lang='lat' dir='ltr'><strong>diversissimas</strong></span> <span class='ocrx_word' id='word_1_112' title='bbox 717 662 822 692; x_wconf 83' lang='lat' dir='ltr'><strong>ejusmodi</strong></span> <span class='ocrx_word' id='word_1_113' title='bbox 833 663 888 691; x_wconf 84' lang='lat' dir='ltr'><strong>leges</strong></span> <span class='ocrx_word' id='word_1_114' title='bbox 897 664 919 684; x_wconf 91' lang='lat' dir='ltr'><strong>iu</strong></span> <span class='ocrx_word' id='word_1_115' title='bbox 929 662 1004 684; x_wconf 74' lang='lat' dir='ltr'><strong>iisdem</strong></span> 
     </span>
     <span class='ocr_line' id='line_1_16' title="bbox 273 695 1005 723; baseline 0 -7"><span class='ocrx_word' id='word_1_116' title='bbox 273 695 325 716; x_wconf 80' lang='lat' dir='ltr'><strong>locis</strong></span> <span class='ocrx_word' id='word_1_117' title='bbox 335 695 445 723; x_wconf 74' lang='lat' dir='ltr'><strong>servandas</strong></span> <span class='ocrx_word' id='word_1_118' title='bbox 458 703 501 716; x_wconf 81' lang='lat' dir='ltr'><strong>esse</strong></span> <span class='ocrx_word' id='word_1_119' title='bbox 510 711 516 723; x_wconf 76' lang='lat'><strong><em>‚</em></strong></span> <span class='ocrx_word' id='word_1_120' title='bbox 528 703 554 716; x_wconf 91' lang='lat' dir='ltr'><strong>ne</strong></span> <span class='ocrx_word' id='word_1_121' title='bbox 567 703 708 717; x_wconf 84' lang='lat' dir='ltr'><strong>memoremus</strong></span> <span class='ocrx_word' id='word_1_122' title='bbox 720 695 884 717; x_wconf 82' lang='lat' dir='ltr'><strong>diversissimum</strong></span> <span class='ocrx_word' id='word_1_123' title='bbox 897 696 1005 717; x_wconf 77' lang='lat' dir='ltr'><strong>variorum</strong></span> 
     </span>
     <span class='ocr_line' id='line_1_17' title="bbox 274 728 1005 758; baseline 0.001 -9"><span class='ocrx_word' id='word_1_124' title='bbox 274 728 371 750; x_wconf 88' lang='lat' dir='ltr'><strong>locorum</strong></span> <span class='ocrx_word' id='word_1_125' title='bbox 385 728 423 750; x_wconf 80' lang='lat' dir='ltr'><strong>Jus</strong></span> <span class='ocrx_word' id='word_1_126' title='bbox 438 728 554 750; x_wconf 81' lang='lat' dir='ltr'><strong>Crimiuale</strong></span> <span class='ocrx_word' id='word_1_127' title='bbox 569 729 688 758; x_wconf 80' lang='lat' dir='ltr'><strong>antiquius,</strong></span> <span class='ocrx_word' id='word_1_128' title='bbox 703 729 737 750; x_wconf 86' lang='lat' dir='ltr'><strong>cui</strong></span> <span class='ocrx_word' id='word_1_129' title='bbox 750 729 829 757; x_wconf 85' lang='lat' dir='ltr'><strong>pariter</strong></span> <span class='ocrx_word' id='word_1_130' title='bbox 843 728 968 750; x_wconf 80' lang='lat' dir='ltr'><strong>introducto</strong></span> <span class='ocrx_word' id='word_1_131' title='bbox 982 729 1005 749; x_wconf 81' lang='lat' dir='ltr'><strong>in</strong></span> 
     </span>
     <span class='ocr_line' id='line_1_18' title="bbox 275 760 1008 789; baseline 0.001 -7"><span class='ocrx_word' id='word_1_132' title='bbox 275 761 375 783; x_wconf 84' lang='lat' dir='ltr'><strong>omnibus</strong></span> <span class='ocrx_word' id='word_1_133' title='bbox 389 760 469 783; x_wconf 83' lang='lat' dir='ltr'><strong>Codice</strong></span> <span class='ocrx_word' id='word_1_134' title='bbox 482 769 599 789; x_wconf 83' lang='lat' dir='ltr'><strong>poenarum</strong></span> <span class='ocrx_word' id='word_1_135' title='bbox 612 761 791 783; x_wconf 85' lang='lat' dir='ltr'><strong>Franco—Gallico</strong></span> <span class='ocrx_word' id='word_1_136' title='bbox 807 769 850 783; x_wconf 86' lang='lat' dir='ltr'><strong>non</strong></span> <span class='ocrx_word' id='word_1_137' title='bbox 865 761 906 783; x_wconf 87' lang='lat' dir='ltr'><strong>nisi</strong></span> <span class='ocrx_word' id='word_1_138' title='bbox 921 760 1008 789; x_wconf 78' lang='lat' dir='ltr'><strong>deroga-</strong></span> 
     </span>
     <span class='ocr_line' id='line_1_19' title="bbox 275 793 1005 822; baseline 0 -7"><span class='ocrx_word' id='word_1_139' title='bbox 275 799 321 815; x_wconf 88' lang='lat' dir='ltr'><strong>tum</strong></span> <span class='ocrx_word' id='word_1_140' title='bbox 332 799 364 815; x_wconf 79' lang='lat' dir='ltr'><strong>est</strong></span> <span class='ocrx_word' id='word_1_141' title='bbox 373 810 379 822; x_wconf 78' lang='lat'>⁷</span> <span class='ocrx_word' id='word_1_142' title='bbox 395 794 424 815; x_wconf 84' lang='lat' dir='ltr'><strong>ita</strong></span> <span class='ocrx_word' id='word_1_143' title='bbox 440 799 465 815; x_wconf 90' lang='lat' dir='ltr'><strong>ut</strong></span> <span class='ocrx_word' id='word_1_144' title='bbox 480 793 550 815; x_wconf 83' lang='lat' dir='ltr'><strong>adhuc</strong></span> <span class='ocrx_word' id='word_1_145' title='bbox 563 799 609 815; x_wconf 89' lang='lat' dir='ltr'><strong>tum</strong></span> <span class='ocrx_word' id='word_1_146' title='bbox 622 801 646 815; x_wconf 83' lang='lat' dir='ltr'><strong>ex</strong></span> <span class='ocrx_word' id='word_1_147' title='bbox 660 793 700 815; x_wconf 84' lang='lat' dir='ltr'><strong>hac</strong></span> <span class='ocrx_word' id='word_1_148' title='bbox 713 799 759 815; x_wconf 90' lang='lat' dir='ltr'><strong>tum</strong></span> <span class='ocrx_word' id='word_1_149' title='bbox 775 802 800 815; x_wconf 88' lang='lat' dir='ltr'><strong>ex</strong></span> <span class='ocrx_word' id='word_1_150' title='bbox 811 794 856 815; x_wconf 83' lang='lat' dir='ltr'><strong>aliis</strong></span> <span class='ocrx_word' id='word_1_151' title='bbox 868 794 934 816; x_wconf 74' lang='lat' dir='ltr'><strong>causis</strong></span> <span class='ocrx_word' id='word_1_152' title='bbox 949 794 1005 815; x_wconf 82' lang='lat' dir='ltr'><strong>Juris</strong></span> 
     </span>
     <span class='ocr_line' id='line_1_20' title="bbox 275 826 1004 855; baseline 0 -7"><span class='ocrx_word' id='word_1_153' title='bbox 275 827 396 849; x_wconf 83' lang='lat' dir='ltr'><strong>Crimiualis</strong></span> <span class='ocrx_word' id='word_1_154' title='bbox 412 827 523 855; x_wconf 85' lang='lat' dir='ltr'><strong>singularis</strong></span> <span class='ocrx_word' id='word_1_155' title='bbox 537 826 619 848; x_wconf 82' lang='lat' dir='ltr'><strong>diversa</strong></span> <span class='ocrx_word' id='word_1_156' title='bbox 635 826 731 848; x_wconf 81' lang='lat' dir='ltr'><strong>conditio</strong></span> <span class='ocrx_word' id='word_1_157' title='bbox 746 827 769 848; x_wconf 88' lang='lat' dir='ltr'><strong>in</strong></span> <span class='ocrx_word' id='word_1_158' title='bbox 783 827 869 849; x_wconf 85' lang='lat' dir='ltr'><strong>diversis</strong></span> <span class='ocrx_word' id='word_1_159' title='bbox 875 832 880 836; x_wconf 61' lang='lat'><em>⁶</em></span> <span class='ocrx_word' id='word_1_160' title='bbox 886 826 1004 855; x_wconf 82' lang='lat' dir='ltr'><strong>regionibus</strong></span> 
     </span>
     <span class='ocr_line' id='line_1_21' title="bbox 275 859 1003 889; baseline -0.001 -8"><span class='ocrx_word' id='word_1_161' title='bbox 275 860 387 889; x_wconf 83' lang='lat' dir='ltr'><strong>conspicua</strong></span> <span class='ocrx_word' id='word_1_162' title='bbox 396 860 437 888; x_wconf 82' lang='lat' dir='ltr'><strong>sit,</strong></span> <span class='ocrx_word' id='word_1_163' title='bbox 450 860 505 881; x_wconf 81' lang='lat' dir='ltr'><strong>iuter</strong></span> <span class='ocrx_word' id='word_1_164' title='bbox 516 867 568 889; x_wconf 84' lang='lat' dir='ltr'><strong>quas</strong></span> <span class='ocrx_word' id='word_1_165' title='bbox 581 859 644 881; x_wconf 84' lang='lat' dir='ltr'><strong>hodie</strong></span> <span class='ocrx_word' id='word_1_166' title='bbox 657 860 740 888; x_wconf 83' lang='lat' dir='ltr'><strong>imperii</strong></span> <span class='ocrx_word' id='word_1_167' title='bbox 752 860 875 881; x_wconf 86' lang='lat' dir='ltr'><strong>communio</strong></span> <span class='ocrx_word' id='word_1_168' title='bbox 887 865 928 888; x_wconf 86' lang='lat' dir='ltr'><strong>est,</strong></span> <span class='ocrx_word' id='word_1_169' title='bbox 940 859 1003 881; x_wconf 86' lang='lat' dir='ltr'><strong>adeo-</strong></span> 
     </span>
     <span class='ocr_line' id='line_1_22' title="bbox 274 891 1006 922; baseline 0 -9"><span class='ocrx_word' id='word_1_170' title='bbox 274 900 315 922; x_wconf 85' lang='lat' dir='ltr'><strong>que</strong></span> <span class='ocrx_word' id='word_1_171' title='bbox 326 899 449 914; x_wconf 84' lang='lat' dir='ltr'><strong>communes</strong></span> <span class='ocrx_word' id='word_1_172' title='bbox 460 891 555 913; x_wconf 81' lang='lat' dir='ltr'><strong>redditae</strong></span> <span class='ocrx_word' id='word_1_173' title='bbox 566 897 616 913; x_wconf 81' lang='lat' dir='ltr'><strong>suut</strong></span> <span class='ocrx_word' id='word_1_174' title='bbox 627 899 676 913; x_wconf 88' lang='lat' dir='ltr'><strong>cum</strong></span> <span class='ocrx_word' id='word_1_175' title='bbox 689 893 733 921; x_wconf 85' lang='lat' dir='ltr'><strong>ipso</strong></span> <span class='ocrx_word' id='word_1_176' title='bbox 745 892 787 913; x_wconf 78' lang='lat' dir='ltr'><strong>sere</strong></span> <span class='ocrx_word' id='word_1_177' title='bbox 799 891 879 913; x_wconf 82' lang='lat' dir='ltr'><strong>Codice</strong></span> <span class='ocrx_word' id='word_1_178' title='bbox 890 897 1006 921; x_wconf 84' lang='lat' dir='ltr'><strong>poenarum</strong></span> 
     </span>
     <span class='ocr_line' id='line_1_23' title="bbox 273 924 1005 954; baseline 0 -8"><span class='ocrx_word' id='word_1_179' title='bbox 273 925 329 953; x_wconf 77' lang='lat' dir='ltr'><strong>leges</strong></span> <span class='ocrx_word' id='word_1_180' title='bbox 341 924 456 953; x_wconf 80' lang='lat' dir='ltr'><strong>singulares</strong></span> <span class='ocrx_word' id='word_1_181' title='bbox 471 924 575 953; x_wconf 85' lang='lat' dir='ltr'><strong>plurimae</strong></span> <span class='ocrx_word' id='word_1_182' title='bbox 589 932 642 954; x_wconf 82' lang='lat' dir='ltr'><strong>quae</strong></span> <span class='ocrx_word' id='word_1_183' title='bbox 656 930 717 946; x_wconf 82' lang='lat' dir='ltr'><strong>antea</strong></span> <span class='ocrx_word' id='word_1_184' title='bbox 731 928 775 946; x_wconf 83' lang='lat' dir='ltr'><strong>uon</strong></span> <span class='ocrx_word' id='word_1_185' title='bbox 789 925 830 946; x_wconf 82' lang='lat' dir='ltr'><strong>nisi</strong></span> <span class='ocrx_word' id='word_1_186' title='bbox 843 925 865 946; x_wconf 84' lang='lat' dir='ltr'><strong>in</strong></span> <span class='ocrx_word' id='word_1_187' title='bbox 879 932 921 946; x_wconf 86' lang='lat' dir='ltr'><strong>uua</strong></span> <span class='ocrx_word' id='word_1_188' title='bbox 932 930 1005 946; x_wconf 77' lang='lat' dir='ltr'><strong>earum</strong></span> 
     </span>
     <span class='ocr_line' id='line_1_24' title="bbox 274 956 1006 987; baseline -0.001 -8"><span class='ocrx_word' id='word_1_189' title='bbox 274 959 385 986; x_wconf 82' lang='lat' dir='ltr'><strong>regionum</strong></span> <span class='ocrx_word' id='word_1_190' title='bbox 400 963 460 979; x_wconf 82' lang='lat' dir='ltr'><strong>erant</strong></span> <span class='ocrx_word' id='word_1_191' title='bbox 474 956 588 979; x_wconf 77' lang='lat' dir='ltr'><strong>servandae</strong></span> <span class='ocrx_word' id='word_1_192' title='bbox 601 956 657 986; x_wconf 79' lang='lat'><strong>(32).</strong></span> <span class='ocrx_word' id='word_1_193' title='bbox 672 957 704 978; x_wconf 86' lang='lat' dir='ltr'><strong>Ex</strong></span> <span class='ocrx_word' id='word_1_194' title='bbox 720 957 751 978; x_wconf 81' lang='lat' dir='ltr'><strong>his</strong></span> <span class='ocrx_word' id='word_1_195' title='bbox 765 957 826 979; x_wconf 79' lang='lat' dir='ltr'><strong>facile</strong></span> <span class='ocrx_word' id='word_1_196' title='bbox 839 958 928 987; x_wconf 82' lang='lat' dir='ltr'><strong>quisque</strong></span> <span class='ocrx_word' id='word_1_197' title='bbox 939 958 1006 986; x_wconf 73' lang='lat' dir='ltr'><strong>suspi-</strong></span> 
     </span>
     <span class='ocr_line' id='line_1_25' title="bbox 274 989 1004 1019; baseline -0.001 -7"><span class='ocrx_word' id='word_1_198' title='bbox 274 991 366 1018; x_wconf 81' lang='lat' dir='ltr'><strong>cabitur,</strong></span> <span class='ocrx_word' id='word_1_199' title='bbox 382 990 484 1019; x_wconf 85' lang='lat' dir='ltr'><strong>plurimas</strong></span> <span class='ocrx_word' id='word_1_200' title='bbox 500 990 557 1011; x_wconf 85' lang='lat' dir='ltr'><strong>nasci</strong></span> <span class='ocrx_word' id='word_1_201' title='bbox 571 989 647 1011; x_wconf 83' lang='lat' dir='ltr'><strong>debere</strong></span> <span class='ocrx_word' id='word_1_202' title='bbox 662 997 687 1011; x_wconf 86' lang='lat' dir='ltr'><strong>ex</strong></span> <span class='ocrx_word' id='word_1_203' title='bbox 702 991 748 1018; x_wconf 86' lang='lat' dir='ltr'><strong>jure</strong></span> <span class='ocrx_word' id='word_1_204' title='bbox 763 990 801 1011; x_wconf 89' lang='lat' dir='ltr'><strong>illo</strong></span> <span class='ocrx_word' id='word_1_205' title='bbox 816 990 918 1018; x_wconf 80' lang='lat' dir='ltr'><strong>singulari</strong></span> <span class='ocrx_word' id='word_1_206' title='bbox 933 990 956 1011; x_wconf 89' lang='lat' dir='ltr'><strong>in</strong></span> <span class='ocrx_word' id='word_1_207' title='bbox 969 990 1004 1018; x_wconf 86' lang='lat' dir='ltr'><strong>ju-</strong></span> 
     </span>
     <span class='ocr_line' id='line_1_26' title="bbox 275 1022 1005 1053; baseline 0 -9"><span class='ocrx_word' id='word_1_208' title='bbox 275 1022 334 1044; x_wconf 86' lang='lat' dir='ltr'><strong>diciis</strong></span> <span class='ocrx_word' id='word_1_209' title='bbox 349 1023 494 1045; x_wconf 83' lang='lat' dir='ltr'><strong>criminalibus</strong></span> <span class='ocrx_word' id='word_1_210' title='bbox 510 1023 661 1044; x_wconf 81' lang='lat' dir='ltr'><strong>controversias</strong></span> <span class='ocrx_word' id='word_1_211' title='bbox 673 1038 679 1051; x_wconf 89' lang='lat'><strong>‚</strong></span> <span class='ocrx_word' id='word_1_212' title='bbox 695 1022 790 1053; x_wconf 82' lang='lat' dir='ltr'><strong>adeoque</strong></span> <span class='ocrx_word' id='word_1_213' title='bbox 806 1023 829 1044; x_wconf 86' lang='lat' dir='ltr'><strong>iu</strong></span> <span class='ocrx_word' id='word_1_214' title='bbox 844 1022 968 1044; x_wconf 82' lang='lat' dir='ltr'><strong>civitatibus</strong></span> <span class='ocrx_word' id='word_1_215' title='bbox 983 1023 1005 1043; x_wconf 84' lang='lat' dir='ltr'><strong>in</strong></span> 
     </span>
     <span class='ocr_line' id='line_1_27' title="bbox 274 1056 1006 1087; baseline -0.001 -9"><span class='ocrx_word' id='word_1_216' title='bbox 274 1057 364 1087; x_wconf 78' lang='lat' dir='ltr'><strong>quibus,</strong></span> <span class='ocrx_word' id='word_1_217' title='bbox 371 1057 431 1079; x_wconf 82' lang='lat' dir='ltr'><strong>velut</strong></span> <span class='ocrx_word' id='word_1_218' title='bbox 442 1058 464 1079; x_wconf 86' lang='lat' dir='ltr'><strong>in</strong></span> <span class='ocrx_word' id='word_1_219' title='bbox 475 1058 545 1079; x_wconf 84' lang='lat' dir='ltr'><strong>vicino</strong></span> <span class='ocrx_word' id='word_1_220' title='bbox 558 1057 618 1079; x_wconf 83' lang='lat' dir='ltr'><strong>uobis</strong></span> <span class='ocrx_word' id='word_1_221' title='bbox 626 1057 698 1085; x_wconf 82' lang='lat' dir='ltr'><strong>Regno</strong></span> <span class='ocrx_word' id='word_1_222' title='bbox 708 1056 896 1085; x_wconf 78' lang='lat' dir='ltr'><strong>Franco-Gallico,</strong></span> <span class='ocrx_word' id='word_1_223' title='bbox 905 1062 965 1078; x_wconf 82' lang='lat' dir='ltr'><strong>tanta</strong></span> <span class='ocrx_word' id='word_1_224' title='bbox 976 1061 1006 1077; x_wconf 81' lang='lat' dir='ltr'><strong>est</strong></span> 
     </span>
     <span class='ocr_line' id='line_1_28' title="bbox 275 1089 1004 1119; baseline -0.001 -8"><span class='ocrx_word' id='word_1_225' title='bbox 275 1089 388 1112; x_wconf 80' lang='lat' dir='ltr'><strong>hominum</strong></span> <span class='ocrx_word' id='word_1_226' title='bbox 404 1090 516 1119; x_wconf 81' lang='lat' dir='ltr'><strong>dissensio,</strong></span> <span class='ocrx_word' id='word_1_227' title='bbox 533 1098 558 1112; x_wconf 81' lang='lat' dir='ltr'><strong>ex</strong></span> <span class='ocrx_word' id='word_1_228' title='bbox 573 1090 653 1111; x_wconf 86' lang='lat' dir='ltr'><strong>incerta</strong></span> <span class='ocrx_word' id='word_1_229' title='bbox 671 1090 742 1118; x_wconf 82' lang='lat' dir='ltr'><strong>legum</strong></span> <span class='ocrx_word' id='word_1_230' title='bbox 757 1089 896 1118; x_wconf 82' lang='lat' dir='ltr'><strong>singularium</strong></span> <span class='ocrx_word' id='word_1_231' title='bbox 912 1089 1004 1111; x_wconf 74' lang='lat' dir='ltr'><strong>auctoni-</strong></span> 
     </span>
     <span class='ocr_line' id='line_1_29' title="bbox 275 1122 1004 1152; baseline -0.001 -7"><span class='ocrx_word' id='word_1_232' title='bbox 275 1128 318 1145; x_wconf 80' lang='lat' dir='ltr'><strong>tate</strong></span> <span class='ocrx_word' id='word_1_233' title='bbox 333 1124 464 1151; x_wconf 76' lang='lat' dir='ltr'><strong>gravissimas</strong></span> <span class='ocrx_word' id='word_1_234' title='bbox 479 1124 559 1146; x_wconf 82' lang='lat' dir='ltr'><strong>civium</strong></span> <span class='ocrx_word' id='word_1_235' title='bbox 577 1124 697 1146; x_wconf 80' lang='lat' dir='ltr'><strong>vexationes</strong></span> <span class='ocrx_word' id='word_1_236' title='bbox 715 1123 781 1151; x_wconf 84' lang='lat' dir='ltr'><strong>oriri,</strong></span> <span class='ocrx_word' id='word_1_237' title='bbox 799 1122 923 1152; x_wconf 70' lang='lat' dir='ltr'><strong>quotidiana</strong></span> <span class='ocrx_word' id='word_1_238' title='bbox 941 1129 1004 1151; x_wconf 80' lang='lat' dir='ltr'><strong>expe-</strong></span> 
     </span>
    </p>
   </div>
  </div>
 </body>
</html>
