1142 1498
466 182 550 205 Onne.
858 185 872 207 3

143 239 186 265 bit,
202 238 242 259 nisi
258 237 354 260 eamdem
371 238 455 267 penitus
469 239 609 267 perspexerit,
623 244 687 269 atque
703 238 790 261 dotibus
804 245 873 262 orato-

143 272 180 293 riis
194 270 289 292 excellat.

172 336 229 359 Mihi
243 341 325 364 autem,
338 341 363 358 ut
377 336 454 365 possim
468 335 540 366 aliquo
554 335 620 357 modo
634 337 656 357 in
670 336 710 358 hac
724 344 747 358 re
761 337 875 366 proficere,

143 377 192 393 cum
210 369 326 392 multarum
339 369 431 394 ‚aliarum
447 376 531 397 rerum,
546 374 593 390 tum
611 369 702 391 maxime
718 369 773 391 bene
788 369 875 392 dicendi

143 403 217 433 peritia
235 402 309 432 deest,
329 402 420 431 ideoque
439 401 520 424 nullam
536 401 598 423 aliam
614 402 671 423 viam
689 410 731 432 qua
748 408 770 424 et
784 404 875 433 antiquo

142 436 198 459 mori
210 436 368 464 obtemperetur
381 440 403 456 et
417 442 485 456 novae
498 434 541 463 legi
554 435 605 456 satis
619 434 669 463 fiat,
682 442 787 464 superesse
800 436 875 463 video,

144 476 208 498 quam
222 469 240 490 si
254 469 313 497 prius
325 468 385 489 nulle
401 468 540 489 institutionis
557 467 622 489 hodie
637 468 778 497 anspicandae
794 470 876 492 ratione

143 501 215 523 habita
229 499 316 530 aliquod
332 506 482 531 argumentum
498 499 622 529 adtingam,
637 500 696 530 quod
711 500 739 523 sd
754 509 827 524 meum
839 502 877 524 do-

145 533 205 556 cendi
216 541 293 556 munus
304 534 408 562 pertinet,
422 532 499 555 deinde
510 541 560 555 vero
570 534 593 555 in
606 534 727 555 narratione
736 542 810 556 eorum
822 543 876 565 quae

143 575 179 596 per
195 574 276 588 annum
293 566 422 595 superiorem
438 566 460 587 in
477 565 592 588 Academia
609 572 682 588 nostra
698 573 814 590 evenerunt
826 584 833 597 ,
848 567 876 590 ad

144 607 167 622 ea
182 598 324 627 transgrediar
339 606 393 629 qnae
407 606 463 621 nova
478 599 585 621 institutio
597 600 704 628 postulat,
720 600 749 621 ita
764 606 835 622 tamen
851 607 876 623 ut

144 632 170 654 de
181 640 206 654 ee
216 640 238 654 re
250 631 302 662 quid
313 632 401 654 sentiam
411 632 483 660 potius
491 632 597 660 proferre,
609 639 673 662 quam
685 632 786 655 disserere
797 633 875 657 videar.

144 665 189 687 Nec
204 665 297 686 alienum
313 672 347 686 me
361 664 468 686 facturum
481 672 524 686 esse
538 665 667 693 existimavi,
682 666 700 687 si
713 664 740 687 de
754 667 827 694 poenis
841 667 875 688 in-

144 698 242 727 fligendis
254 698 318 720 verbe
331 698 432 726 facerem,
444 698 482 719 ubi
496 697 523 719 de
534 698 633 727 praemiis
645 698 799 721 distribuendis
814 706 876 727 agen-

143 732 196 753 dum
209 731 274 758 foret,
291 736 379 760 utraque
394 731 451 752 enirn
464 738 495 752 res
508 730 626 759 plurimum
638 731 694 753 valet
706 730 734 752 ad
748 731 876 760 reipublicae

144 765 233 786 salutem
248 769 311 793 atque
322 763 503 792 incolumitatem,
514 768 536 785 et
550 769 631 785 tantem
647 764 703 785 inter
714 771 735 785 se
747 764 810 787 habet
822 772 877 787 com-

141 798 281 825 munionem,
293 802 317 818 ut
331 804 400 826 nuper
413 802 525 826 utramque
538 797 669 825 conjunctim
681 802 772 819 tractare
784 805 826 819 non
839 797 877 820 du-

144 831 221 853 bitaret
241 837 296 851 unus
318 837 343 851 ex
362 830 498 858 sagacissimis
515 837 585 851 rerum
605 830 700 851 civilium
718 830 856 859 scriptoribus
869 847 876 860 ,

144 864 205 892 cujus
220 870 297 885 nomen
311 870 347 891 per
364 867 432 884 totam
450 862 559 891 Europam
575 862 701 894 celebratur.

172 931 206 953 Eo
222 931 322 952 libentius
337 930 404 959 mihi,
420 930 533 953 Auditores
550 931 716 960 Spectatissimi‚
733 930 789 953 hanc
805 939 875 953 rerum

142 964 317 992 conjunctionem
334 963 546 992 condonabitis,.nec
564 964 655 985 Juvenes
672 964 807 986 Ornatissimi
824 972 876 994 quo-

143 1004 191 1019 rum
209 996 320 1025 diligentia
339 995 403 1018 hodie
425 996 579 1018 remuneranda
596 1002 644 1025 est,
663 1004 723 1025 aegre
740 997 824 1025 ferent,
842 1005 876 1019 me

142 1035 204 1051 antea
222 1029 249 1051 de
268 1028 375 1051 maleficiis
396 1028 508 1058 puniendis
527 1029 605 1051 dicere.
623 1030 708 1052 Etenim
729 1034 815 1058 propter
836 1029 877 1052 hoc

143 1064 214 1092 ipsum
233 1062 292 1092 quod
310 1070 364 1084 unns
380 1070 455 1084 eorum
472 1068 515 1084 tam
532 1063 615 1091 egregie
630 1061 657 1084 de
671 1062 736 1083 simili
751 1068 877 1091 argumento

141 1095 268 1125 disputavit,
283 1096 304 1117 in
319 1095 419 1117 eumdem
435 1096 554 1124 praemium
572 1101 604 1117 est
622 1092 788 1123 co‘nserendum,
806 1101 827 1117 et
846 1104 877 1117 cs-

138 1134 233 1151 terornm
245 1136 331 1159 quoque
343 1128 413 1157 gloria
426 1129 512 1151 virtutis
523 1134 544 1151 et
554 1127 670 1151 industriae
681 1128 744 1151 laude
755 1132 822 1157 magis
833 1129 876 1151 elu-

799 1161 819 1183 ιιι
