1142 1498
266 177 294 203 4⁰
514 172 535 194 J.
552 172 583 194 M.
600 172 625 193 F.
641 172 749 193 Biemann.

266 232 334 254 blicae
344 229 460 257 matusael
473 229 527 250 facta
537 228 650 251 infeliciter
661 229 733 257 legum
742 229 892 258 experimenta,
899 229 934 251 vel
942 237 1000 259 prae·

266 271 336 293 gressa
352 262 434 291 legibus
448 260 581 283 consuetudo
597 261 649 290 juris
661 261 772 283 constituti
788 261 905 289 legitimam
919 262 999 285 confir·

266 297 382 318 mationem
397 295 432 317 vel
448 293 620 316 emendationem
639 294 762 315 necessitate
783 293 876 324 quadam
892 295 999 324 postulare

266 329 387 352 videantur.
402 328 452 357 Quo
468 328 527 350 enim
542 328 610 357 magis
628 327 755 349 festinantur
771 327 827 356 leges
844 329 957 357 poenales,
974 337 1000 351 so

266 363 329 385 citius
345 369 418 384 earum
434 361 541 384 exsecutio
553 368 619 382 novas
634 361 712 390 quibus
728 360 777 382 illae
789 361 935 390 corrigantur,
947 369 998 392 pro-

267 401 341 424 vocat;
354 401 376 417 et
389 403 438 417 cum
454 395 484 417 ita
498 395 612 416 hominum
627 399 704 415 natura
719 394 746 416 sit
762 400 896 423 comparata,
908 400 933 416 ut
946 403 1000 425 quae

266 429 401 451 festinatione
415 433 499 457 peccata
512 427 725 455 animadvertuntur,
742 435 765 449 ea
783 427 917 449 festinantius
930 435 1000 450 emen-

266 461 334 484 dandi
351 467 450 483 nascatur
463 460 605 489 desiderium,
616 459 664 482 fieri
676 460 737 481 facile
750 465 832 489 potest,
842 465 867 482 ut
878 460 933 482 mala
947 468 999 483 cres·

267 500 316 516 cant
328 502 377 516 cum
393 495 439 523 ipso
450 493 575 515 eorumdem
588 492 753 522 reparandorum
765 493 842 514 studio.
853 493 934 515 Verum
942 495 1000 515 enim

267 535 318 549 vero
333 527 373 548 hoc
394 527 445 548 licet
460 526 580 548 timendum
597 534 641 548 non
656 524 695 554 sit,
711 533 793 554 semper
809 526 933 547 brevissimo
948 532 1001 548 tern-

266 567 319 589 pore
333 560 403 581 varias
416 560 438 580 iu
454 558 528 581 eadem
541 566 603 580 causa
618 559 673 587 leges
685 558 783 587 poenales
798 566 916 587 proponere
929 567 961 580 res
975 565 1000 581 ut

268 592 373 614 invidiosa
389 592 418 613 ita
433 591 551 620 periculosa
566 599 609 613 esse
627 591 680 612 mihi
696 591 789 613 videtur.
805 592 851 613 Hac
867 592 923 613 enim
939 599 999 620 prae-

268 630 379 654 ceptorum
400 623 546 646 vicissitudine
567 631 592 645 ea
610 632 664 653 qnae
680 625 794 646 necessaria
815 623 882 646 videri
898 624 1000 646 deberent

267 657 347 687 populo
357 673 363 685 ,
378 657 489 679 arbitraria
509 656 579 679 eidem
598 656 701 685 adparent
718 662 740 678 et
757 657 817 687 quasi
833 665 858 678 ex
873 665 948 679 eorum
963 658 1000 688 qui

269 697 293 711 ea
303 691 410 718 jusserunt
422 690 545 711 morositate
561 689 667 718 profecta‚
677 689 727 711 hinc
738 689 810 718 legum
821 690 912 719 ipsarum
923 690 1001 712 minui-

269 729 304 744 tur
321 723 441 751 veneratio,
458 731 501 753 quo
522 722 609 752 quidem
626 723 648 744 iu
670 723 786 744 criminum
804 723 872 744 causis
890 722 946 745 nihil
964 730 1001 752 po·

269 761 310 778 test
327 756 443 784 excogitari
457 756 594 785 perniciosius
605 755 662 785 (30).

298 821 395 850 Augetur
411 821 452 843 hoc
469 820 529 851 quod
547 820 613 843 modo
632 820 796 849 significavimus
811 821 945 850 periculum,
962 821 1000 843 uhi

269 855 364 877 universi
377 855 434 877 Juris
446 855 567 877 Criminalis
580 854 668 876 Codices
686 854 801 876 Codicihus
814 854 942 883 succedunt,
954 862 1001 876 nec-

270 887 323 909 dum
340 888 370 909 ita
386 893 468 909 certum
485 893 507 909 et
523 888 670 917 exploratum,
685 893 710 909 ut
726 887 787 909 nulla
802 888 893 917 amplius
908 889 953 916 ejus
970 888 1000 909 rei

265 920 378 946 ,dubitatio
393 920 467 948 liceat,
477 920 518 942 hoc
532 928 576 942 esse
590 921 687 942 existimo
696 936 703 949 ‚
718 928 770 942 uum
784 928 865 949 semper
881 921 947 942 totius
960 920 1000 942 Co-

270 953 322 974 dicis
338 953 447 981 rogatione
465 961 519 982 opus
536 954 577 982 sit,
590 954 671 975 etiamsi
681 954 719 975 Jus
729 953 846 975 Crimiuale
861 953 942 981 legibus
955 961 1000 975 cor-

270 985 354 1014 rigendi
374 987 496 1008 necessitate
520 994 590 1015 reapse
614 986 737 1015 obligentur
760 987 839 1008 Rerum
861 986 999 1008 Publicanum

272 1018 431 1040 Moderatores?
441 1020 466 1040 In
478 1019 504 1040 iis
514 1020 647 1048 potissimum
659 1020 780 1047 regionibus
787 1035 794 1048 ‚
806 1020 843 1041 ubi
853 1019 922 1041 adhuc
932 1027 958 1041 ex
968 1020 1000 1041 le-

271 1051 333 1079 gibus
350 1053 476 1081 antiquitate
498 1057 520 1073 et
537 1051 609 1073 indole
626 1052 771 1074 diversissimis
788 1053 901 1074 criminum
919 1052 999 1081 judicia

271 1084 391 1106 ordinanda
403 1091 424 1106 et
435 1085 588 1107 maleficiorum
600 1093 679 1114 poenae
690 1085 814 1114 irrogandae
826 1091 891 1114 sunt,
902 1093 999 1107 commu-

239 1130 245 1134 «
272 1117 327 1139 niter
343 1122 424 1147 praeter
438 1125 463 1140 ea
482 1126 536 1149 qnae
556 1118 701 1148 legumlatoris
721 1126 772 1141 cura
793 1127 865 1141 revera
886 1118 999 1148 indigent,
