1142 1498
275 185 300 199 10
519 178 539 200 J.
554 178 585 199 M.
600 178 625 200 F.
640 178 748 200 annuu.

302 236 357 258 Cum
372 241 443 257 autem
459 236 511 257 haec
527 236 549 257 in
564 236 651 258 Bavaria
666 236 782 264 agebantur
791 252 797 264 ‚
811 236 833 257 iu
848 236 945 258 Helvetia
961 236 998 258 nbi

272 268 340 291 adhuc
354 269 471 298 plurimum
484 269 567 298 antiqui
582 276 651 291 mores
666 269 746 297 valent,
758 277 826 298 neque
838 269 916 290 civium
930 277 999 299 neque

271 301 424 323 maleficiorum
439 309 516 329 magna
529 301 647 330 frequentia
660 306 703 329 est,
718 301 758 322 Res
774 301 874 322 Publicae
892 301 962 330 plures
978 307 999 322 et

271 334 400 362 optimatum
411 339 432 356 et
445 334 553 363 popularis
565 334 659 362 formae,
673 339 694 355 et
705 335 728 355 in
737 334 784 355 solo
793 334 868 355 Italico
882 339 903 355 et
913 335 936 355 in
947 334 999 355 Ger-

271 368 358 389 manicis
369 367 500 397 Gallicisque
512 368 570 397 pagis
581 368 719 394 constitutae,
729 368 752 389 in
763 367 795 389 his
808 368 875 389 causis
886 368 908 389 in
923 368 999 397 quibus

270 407 328 421 nunc
343 406 439 422 versatur
455 401 524 421 oratio
540 406 624 428 nostra,
637 401 724 429 scriptas
739 400 795 428 leges
813 400 847 422 vel
862 400 938 422 habere
954 408 999 422 coe—

271 438 348 460 perunt
365 433 399 454 vel
414 432 545 460 desiderat-eq
560 440 718 462 paucorumque
730 440 835 454 annorum
847 433 916 461 spatio
928 433 998 462 plnres

270 472 387 493 poenarum
403 464 575 495 judiciorumque
590 465 732 486 criminalium
748 465 838 487 Codices
852 464 908 494 apud
926 471 997 493 gentes

270 497 356 526 Alpinas
368 498 443 519 sanciti
455 503 520 527 atque
531 497 662 526 promulgati
669 512 677 525 5
688 497 724 518 alii
738 505 788 519 vero
799 498 867 525 rogati
878 503 963 519 tantum
978 502 999 519 et

270 530 292 551 in
304 530 414 558 publicum
426 531 473 551 noti
488 530 538 551 facti
550 535 607 551 sunt.
620 530 701 551 Multae
714 535 820 558 praeterea
835 530 889 558 leges
900 530 998 558 speciales

270 562 325 583 latae
339 568 402 592 atque
416 562 508 591 perlatae
519 568 569 584 eunt
579 563 602 584 in
614 561 742 592 quibusdam
754 563 822 591 pagis,
833 563 870 592 qni
883 562 954 584 adhuc
965 563 999 585 vel

270 596 364 624 antiquis
374 595 607 617 consuetudinibusvel
617 594 732 617 Codicibus
741 595 925 618 Franco-Gallicis
935 601 999 617 utnu-

270 633 319 654 tur‚
336 628 369 650 vel
384 628 450 652 modo
465 636 531 649 novos
548 627 637 649 Codices
651 628 816 656 impetraverant
825 643 832 656 ,
847 636 940 657 quorum
955 629 998 656 jam

269 661 321 681 vitia
336 660 469 682 emendanda
483 668 526 681 esse
540 660 674 682 videbantur.
688 660 788 688 Magnam
801 668 851 682 vero
863 661 908 682 vim
921 661 943 682 in
959 668 997 681 no-

270 700 345 714 varum
358 693 429 721 legum
441 693 542 714 lationem
553 698 575 714 et
584 693 623 714 Jus
636 693 759 715 Bavaricum
771 698 793 714 et
803 693 842 715 Jus
854 693 1000 715 Franco-Gal-

270 725 335 747 licum
348 726 453 754 exercuit,
465 733 504 747 nec
515 734 560 747 nou
570 726 719 747 institutorum
734 733 839 748 novorum
855 733 908 756 quae
921 726 944 748 in
956 726 999 747 An-

271 758 313 787 gua
325 763 390 788 atque
399 759 496 781 America
509 758 556 780 Viri
565 759 670 787 ingeniosi
682 759 885 781 commendaverunt
896 759 930 780 vel
943 766 999 780 com-

270 792 369 820 probavit
385 792 511 820 experientia
522 806 530 820 ,
549 792 668 820 periculum
683 791 779 813 feceruut
794 791 943 820 legumlatores
960 792 999 813 Rei

268 824 370 846 Publicae
389 824 524 846 Geueveusis.
540 824 606 846 Plura
621 832 707 854 quoque
720 823 748 846 ad
763 832 834 846 meum
849 829 998 852 argumentum

269 857 395 885 pertinentia
404 865 429 879 ex
440 857 503 879 Italia
514 857 592 879 referre
602 865 684 886 possem
698 865 764 887 quae,
775 865 825 879 cum
836 858 861 878 iis
872 857 885 878 J
887 865 910 878 us
923 857 999 879 Crimi-

270 889 318 911 nale
331 890 404 919 potius
414 889 441 912 ad
454 895 580 912 vetustatem
591 889 716 918 reductum,
727 897 791 920 quam
801 895 919 912 correctum
930 889 999 911 videa-

270 927 306 943 tur
318 928 382 952 atque
396 923 534 949 innovatum,
550 922 625 943 melius
640 923 745 944 omittam.
761 922 910 946 Memorendus
927 927 998 944 tamen

270 954 324 976 mihi
341 960 373 976 est
389 954 462 977 Codex
480 963 609 984 poenarum,
627 962 691 984 quem
711 954 738 976 ad
759 955 879 984 exemplum
897 956 941 984 ejus
961 956 999 984 qui

270 987 292 1008 in
308 987 369 1009 ltalia
385 987 599 1009 Franco-Gallorum
615 988 703 1016 imperio
719 987 855 1009 introductus
873 993 922 1016 est,
943 993 997 1009 non-

270 1020 335 1042 nullis
355 1026 426 1043 autem
445 1020 540 1050 ejusdem
560 1022 616 1042 vitiis
637 1020 756 1043 emendatis
770 1022 891 1050 nuperrime
909 1021 999 1042 sancivit

270 1053 389 1075 Parmensis
407 1054 502 1076 Ducatns
519 1053 648 1075 Moderatrix
659 1069 666 1081 ⁷
683 1061 752 1082 neque
766 1060 849 1082 possum
866 1061 920 1080 non,
938 1054 1000 1082 Spec-

269 1086 369 1107 tatissimi
387 1085 515 1113 Andizetes,
535 1086 558 1108 in
575 1086 699 1108 memoriam
717 1091 807 1107 vestram
829 1093 934 1116 revocare!
946 1093 999 1115 quae

270 1120 313 1148 jam
330 1118 413 1148 pridem
429 1120 453 1141 in
467 1120 541 1148 Regno
555 1119 629 1141 Italiae
639 1135 646 1147 ‚
666 1126 715 1141 cum
733 1119 841 1148 propriam
860 1118 915 1141 illud.
931 1119 999 1147 legem
