1142 1498
440 186 527 209 Onu-10.
838 197 849 217 7

118 246 211 267 forenses
227 243 354 266 delictorum
371 249 393 266 et
410 251 525 273 poenarum
543 244 626 272 regulas
645 245 747 274 accepisse
766 244 850 267 audivi-

118 286 177 306 mus,
192 283 214 299 et
227 278 249 298 iu
266 277 383 307 longinqua
396 277 457 299 Asiae
470 285 534 305 regna
547 278 602 298 inter
616 277 717 299 Boudhae
729 283 751 300 et
764 278 851 300 Bramae

119 311 210 333 cultores
224 311 368 331 institutiones
384 311 496 332 translatas
508 308 551 331 esse
566 309 677 339 videmus,
689 318 741 340 quas
756 319 796 340 pro
809 312 850 332 cri—

117 344 200 365 mInum
216 342 374 372 quaestionibus
392 342 466 372 populi
480 342 579 371 Europae
598 343 772 371 septentrionales
791 344 850 365 iuve-

119 381 208 404 uerunt‚
220 375 285 404 Angli
300 375 434 404 potissimum
450 383 499 397 cum
511 376 555 404 ipsa
570 375 668 397 libertate
682 376 740 398 civili
754 376 851 398 excolue-

121 414 178 430 runt.
196 408 242 430 Nec
258 407 299 429 hoc
319 415 422 429 novarum
442 408 513 436 legum
533 408 677 430 criminalium
696 408 825 430 desiderium
841 416 853 430 a

119 441 198 464 civium
214 440 353 462 multitudiue
370 441 487 462 civitatisve
503 441 586 462 ambitu
601 440 693 470 pendere
708 441 803 468 videtur,
818 449 853 463 ne-

120 483 160 505 que
177 482 201 496 ex
217 474 318 503 peculiari
335 474 406 504 aliqua
425 475 532 502 regiminis
552 474 619 495 forma
637 475 741 503 originem
757 474 849 503 ducere;

119 509 142 529 in
156 507 249 536 imperiis
260 507 317 529 enim
330 506 372 528 late
384 507 517 536 patentibus,
529 512 553 528 ut
566 507 588 528 in
602 508 723 528 civitatibus
736 507 853 529 admodum

120 541 202 568 exiguis
212 539 268 561 illud
280 540 416 568 perspicuum
431 545 473 566 est,
487 547 601 569 earumque
615 540 725 568 regionum
741 541 762 561 in
775 541 853 570 quibus

120 573 162 595 hoc
177 574 223 602 ipso
233 573 315 595 saeculo
326 573 365 594 Jus
377 573 494 595 Criminale
505 572 587 601 legibus
599 573 738 594 reformatum
750 579 772 595 et
787 581 853 595 novos

121 606 147 628 de
162 605 316 627 maleficiorum
333 606 407 635 poeuis
420 611 441 627 et
455 606 572 627 criminum
590 606 749 635 quaestionibus
764 605 853 628 Codices

121 639 154 661 vel
166 640 211 667 jam
225 639 329 667 sancum,
343 638 377 660 vel
391 638 466 660 saltem
481 643 565 668 rogatos
581 646 624 659 esse
640 639 757 666 cernimus,
773 644 852 660 statum

121 672 232 701 publicum
246 671 412 693 diversissimum
429 679 485 700 esse,
504 671 539 694 vel
552 671 658 694 levissima
678 671 764 693 illarum
782 671 853 699 legum

122 705 280 727 enumeratione
296 705 385 734 patebit.

150 770 184 792 Ne
193 778 246 798 *vero
257 769 284 792 de
295 771 319 792 iis
331 770 448 792 Codicibus
457 770 570 800 loquamur
580 770 659 800 quibus
670 769 723 791 olim
732 770 754 791 in
764 768 854 791 ‘turbido

123 803 197 831 Regno
206 803 303 825 Hastensi
319 803 425 825 Henricus
436 804 480 825 Rex
494 804 587 825 nominis
599 804 632 825 sui
646 803 735 832 gloriam
748 803 855 824 illustrare

123 835 220 865 studuit,
234 844 303 866 neque
318 836 345 858 de
362 836 505 865 singularibus
520 837 562 858 illis
578 836 675 865 legibus,
693 836 771 866 quihus
787 843 854 864 nuper

123 869 162 890 Res
177 869 268 891 Publica
282 869 409 891 Columbiae
424 877 505 891 novum
526 877 597 891 rerum
617 868 714 891 ordinem
732 876 855 898 praeparare

124 902 228 930 tentavit,
243 910 312 932 neque
329 902 356 923 de
372 903 432 923 novis
447 903 551 923 institutis
568 910 627 932 quae*
638 902 707 924 insula
723 902 786 923 Selau
806 901 855 922 Viri

123 934 276 956 Humanissimi
293 934 399 956 Johnston
419 934 536 956 industriae
549 934 629 963 debet,
646 942 716 964 neque
730 934 757 956 de
776 933 855 956 Codice

124 968 160 996 qui
172 968 195 988 in
206 967 275 988 insula
286 967 387 989 Otaheite
399 968 520 997 nuperrime
531 968 622 997 scriptus
632 975 675 989 esse
685 967 775 995 dicitur⁷
786 974 855 996 neque

99 1015 101 1017 -
125 999 150 1021 de
164 1000 190 1021 iis
206 1008 259 1030 quae
275 1006 324 1021 ante
339 1000 420 1030 aliquot
436 1008 502 1022 annos
518 1001 544 1023 ab
560 1000 638 1022 illustri
654 1000 779 1021 Demerarae
794 1006 855 1027 prae-

125 1032 169 1054 side
180 1033 254 1061 Hem-y
266 1032 294 1054 ad
304 1040 413 1054 summum
426 1034 465 1055 Rei
480 1032 596 1055 Colonicae
612 1032 806 1062 administratorem
825 1039 855 1053 re·

124 1065 166 1087 lata
184 1071 248 1095 atque
268 1065 363 1088 Londini
381 1066 439 1088 edita
455 1071 521 1094 sunt⁷
541 1065 568 1087 ad
588 1066 701 1087 criminum
722 1066 855 1095 quaestiones

124 1098 266 1120 emendandas
282 1107 336 1129 quae
350 1098 420 1121 adhuc
434 1099 457 1121 in
470 1099 512 1121 illis
524 1099 585 1121 terris
596 1106 621 1120 ex
634 1098 793 1120 Constitutione
805 1098 854 1119 Cri-

124 1131 199 1153 minali
215 1137 337 1155 exercentur
350 1148 356 1161 ‚
375 1140 440 1162 quam
458 1131 567 1162 quondam
582 1131 694 1161 Phinpus
708 1130 817 1154 Secundus
832 1131 854 1152 iu
