1142 1498
451 179 536 202 Onnto.
835 181 860 202 15

159 238 229 266 Quem
247 245 297 259 vero
313 238 392 260 exitum
413 237 508 259 habituri
526 238 568 259 siut
586 238 639 259 varii
655 238 678 260 hi
695 238 860 267 legumlatorum

129 276 228 298 conatus,
242 270 288 292 ‚hoc
305 278 348 292 non
366 271 410 292 sine
429 270 571 292 sollicitudine
590 270 681 300 quadam
703 272 725 292 iu
745 271 860 293 Germania

128 308 267 332 exspectatur.
284 303 369 324 Codicis
386 309 457 324 tamen
475 303 532 331 ejus,
545 311 610 332 quem
625 311 664 331 pro
681 304 761 331 Magno
774 304 860 325 Ducatu

127 335 218 357 Badeusi
231 341 280 357 aute
295 335 334 357 lios
349 335 403 357 duos
418 343 484 357 anuos
496 339 599 363 'rogatum
614 343 656 356 esse
672 336 801 364 accepimus,
815 344 860 365 per-

129 367 209 390 ferendi
222 368 335 389 consilium
347 368 442 389 omisisse
454 367 538 389 videtur
548 367 666 396 legislator,
677 376 701 389 ex
714 376 757 398 quo
767 368 859 390 Ordines

129 401 327 423 Jurecousulzorum
344 401 435 423 duarum
451 400 612 423 Academiarum
629 402 651 423 iu
666 409 691 423 ea
709 407 765 423 terra
780 403 859 423 cousti-

129 438 235 461 tutatum,
247 434 373 455 seutentiam
390 434 457 462 rogati
473 433 529 455 illius
544 433 629 455 Codicis
643 434 769 463 scripturam
784 435 860 463 impro-

129 467 239 488 bavar-unt.
255 466 287 487 Ex
302 474 327 487 eo
342 472 438 495 tempore
452 467 516 487 etiam
533 465 560 487 ad
576 466 618 487 tale
635 474 687 495 opus
703 466 861 488 conficiendum

129 500 168 520 alia
183 500 217 520 via
228 498 322 520 ineunda
332 506 375 522 esse
390 499 512 527 putabatur.
526 499 612 520 Interim
624 506 691 520 novos
702 499 773 527 legum
784 499 860 520 Crimi-

129 532 207 553 nulium
223 531 312 552 Codices
326 531 404 561 quibus
420 531 469 552 solis
485 531 506 552 in
522 536 630 559 posterum
645 539 717 552 omnes
733 538 806 553 causae
821 531 860 552 'cri-

126 564 212 585 minales
227 563 388 592 judicarentur,
402 571 438 592 per
453 564 520 584 civem
535 570 629 585 summas
643 564 803 585 existimationis
817 564 856 585 Li-

130 598 228 625 viugston
240 597 329 618 Senatus
342 596 477 625 Populusque
493 596 530 617 Rei
542 596 643 618 Publicae
657 597 768 618 Luisianae
782 596 859 618 confici

129 630 199 657 jussit,
214 636 281 658 eaque
294 636 347 658 quae
363 628 390 650 de
405 629 474 657 operis
488 629 521 649 sui
536 627 625 650 consilio
641 634 704 658 atque
714 636 825 657 progressu
836 630 859 650 in

129 662 260 690 generalibus
276 662 359 690 patriae
376 669 425 683 suae
436 662 533 683 Comitiis
549 662 646 690 exposuit
661 662 702 683 Vir
717 663 859 690 ingeniosissi-

129 703 186 723 mus,
203 695 225 715 iu
241 694 407 716 Franco-Gallia
424 702 509 723 quoque
520 695 641 723 nuperrime
658 702 720 723 opera
735 695 784 716 Viri
801 695 859 716 Con-

128 727 237 749 sultissitni
253 726 384 749 Taillandier
401 727 481 756 publici
496 727 548 756 juris
565 727 619 748 sacta
636 732 685 749 suut
701 727 742 757 (7).
758 727 802 749 Nec
816 735 860 749 non

129 760 181 782 aliae
194 760 291 781 civitates
306 760 415 782 Americae
430 759 457 781 de
471 759 570 781 Luisiana
586 760 706 789 exemplum
720 761 816 782 sumsisse
831 761 861 782 vi·

128 792 213 814 dentur.
230 792 281 814 Nou
295 792 365 814 solum
382 793 439 814 enim
454 793 498 821 jam
514 800 525 813 a
539 792 715 820 legumlatoribus
731 792 860 822 quibusdam

129 826 184 847 illius
203 826 255 853 juris
274 824 333 854 quod.
352 825 434 853 legibus
451 830 548 853 constat,
567 826 685 853 recognitio
702 825 790 853 siugulis
810 826 860 846 viris

129 857 229 879 mandata
240 863 281 886 est,
292 865 366 879 verum
379 858 444 879 etiam
458 857 484 879 de
495 865 520 879 eo
531 858 578 886 jure
589 857 645 887 quod
657 865 705 879 cum
718 858 793 886 Anglis
804 866 860 879 com-

129 898 193 912 mune
203 896 280 912 vocant
291 890 422 916 Amerinam,
433 891 455 911 iu
464 890 536 918 legum
543 889 632 911 Codices
643 889 759 918 redigendo
771 891 860 919 cogitari

128 923 212 952 coepit3
226 923 317 952 licetque
330 922 395 951 'hujus
410 923 444 944 rei.
453 923 534 943 utilitas
549 923 604 943 inter
618 923 754 944 Americanos
766 928 790 944 ut
804 924 859 944 iuter

128 956 246 977 Germanos
263 961 326 985 atque
342 955 423 984 Anglos
438 956 459 976 iu
473 956 638 977 controversiam
654 961 776 981 vocaretur,
791 955 860 976 diver-

127 990 257 1010 sissimarum
279 994 350 1010 tamen
368 989 521 1010 sententiarum
538 995 706 1018 propugnatores
725 988 752 1010 de
772 989 859 1010 necessi-

128 1027 171 1043 tate
185 1022 236 1043 novi
248 1027 269 1043 et
288 1021 389 1050 generalis
401 1029 519 1050 poenarum
530 1021 615 1042 Codicis
627 1022 744 1042 consentire
759 1020 860 1043 videntur

126 1055 149 1076 iu
167 1054 265 1083 pluribus
281 1055 390 1076 Americae
407 1054 529 1082 regionibus
545 1053 586 1083 (8).
602 1054 676 1083 Neque
691 1062 741 1075 vero
758 1054 860 1082 generalis

126 1086 232 1115 eiusmodi
242 1086 327 1109 Codicis
338 1087 456 1116 periculum
467 1086 512 1108 fieri
522 1091 608 1115 praeter*
617 1087 668 1108 Rem
682 1087 791 1109 Publicam
805 1088 858 1108 Lui-

125 1121 196 1142 sianae
207 1120 277 1149 aliqua
291 1120 445 1142 foederatarum
460 1120 571 1142 civitatum
588 1120 662 1148 jussit,
673 1128 741 1150 neque
755 1120 808 1141 mihi
823 1127 858 1141 no-
