1142 1498
451 172 534 195 Onu-10.
835 183 843 197 1
848 176 862 197 3

132 241 203 257 torum
215 234 247 256 lex
258 235 384 262 sanciretur,
395 241 438 264 ‚qua
452 234 501 256 licet
515 234 578 263 hujus
590 233 682 256 instituti
693 234 796 264 principia
810 243 860 258 con-

130 269 190 290 tinuo
204 270 285 288 servata
294 275 346 292 *non
361 272 507 295 mutarentur,
523 267 583 288 facile
594 273 665 288 tamen
679 268 808 296 periculosae
823 269 857 290 in-

132 300 251 322 novationis
262 300 352 328 suspicio
365 300 451 321 excitari
460 300 561 328 potuisset
574 299 696 321 hominibus
707 301 744 329 qui
754 301 776 322 in
786 300 859 323 eodem

131 334 229 355 instituto
245 331 364 353 firmissima
380 332 518 354 fundamenta
534 333 637 354 libertatis
653 340 716 361 suae,
733 333 859 355 aemulatio-

131 368 205 397 nisque
222 366 350 389 Exterorum
365 366 486 395 exemplum
503 365 604 387 admirari
619 372 781 390 consueverunt.

157 436 187 457 Et
198 434 296 457 indicatis
307 434 394 464 quidem
406 434 450 462 his,
461 442 513 464 quos
525 435 551 463 aly
565 435 627 456 initio
639 435 703 464 hujus
713 435 792 457 saeculi
801 435 857 464 apud

129 467 232 497 plurimos
243 468 340 496 Europae
350 468 440 496 populos
452 468 474 489 iu
487 468 557 489 Rebus
571 468 723 489 criminalibus
735 468 859 496 legumlatio

129 501 215 529 habuit⁷
228 501 383 530 progressibus,
397 508 436 522 uec
450 501 540 522 aliarum
558 501 654 529 gentium
671 506 759 522 conatus
773 501 857 522 silentio

128 535 240 563 praeterire
254 534 317 562 lieet⁷
334 533 391 563 apud
405 541 457 563 quas
473 534 512 555 etsi
527 533 565 555 Jus
576 533 692 555 Criminale
705 534 777 555 miuus
789 534 856 555 resor-

128 572 210 588 matum
228 566 355 595 reperiatur,
371 574 415 587 non
431 566 502 587 minor
517 571 562 587 erat
580 566 746 594 legumlatorum
765 573 815 587 cura
833 566 857 587 in

128 607 151 620 ea
166 607 189 620 re
208 598 350 626 conficienda,
365 604 387 620 et
403 606 446 620 non
466 599 535 620 solum
551 599 633 627 legibus
648 599 771 627 specialibus
785 598 808 620 id
824 599 855 620 ef-

127 632 207 653 fectum
218 637 260 660 est,
271 637 296 653 ut
306 631 439 660 singulorum
450 630 578 652 delictorum
589 638 669 659 poenae
678 631 712 653 vel
722 630 857 652 mollirentur

128 665 162 686 vel
179 669 325 693 asper-arentur
345 664 380 685 vel
398 664 420 685 iu
437 671 510 685 earum
529 664 610 685 ratione
626 669 648 685 et
665 671 763 685 mensura
783 663 818 685 vel
832 664 855 684 in

127 697 242 718 criminum
261 697 343 718 actione
362 702 384 718 et
403 697 527 725 probatione
547 696 631 725 singula
650 701 785 718 mutarentur
804 695 838 725 (5)
849 711 856 724 ,

126 737 201 752 verum
211 729 275 751 etiam
286 729 392 758 generales
401 728 428 750 de
436 728 543 751 maleficiis
553 728 666 758 puniendis
674 734 696 750 ct
705 727 855 759 persequendis

127 763 182 791 leges
198 767 283 791 rogatae
301 767 351 784 sunt
367 761 408 792 (6).
427 762 488 790 Quae
502 769 553 783 vero
567 769 579 783 a
595 762 749 783 Jureconsultis
768 761 795 783 ad
814 761 856 782 hoc

126 795 236 823 negotium
256 794 356 823 delegatis
375 802 400 816 ex
421 802 554 816 summorum
576 795 731 823 Imperantium
748 793 856 816 mandatis

125 827 251 849 adumbrata
265 833 315 849 sunt
326 833 390 857 atque
401 828 531 857 composita,
543 835 568 849 ea
578 828 632 849 vel‘
626 835 670 856 1psa
684 827 769 857 publica
782 831 857 849 aucto-

125 861 187 882 ritate
204 861 227 882 iu
243 860 312 882 lucem
331 860 388 882 edita
406 866 469 890 atque
488 861 585 882 omnium
602 859 744 882 Eruditorum
763 860 856 882 examini

124 893 228 915 submissa
242 899 302 921 sunt,
315 893 350 915 vel
362 901 388 915 ex
402 894 533 922 Scriptorum
548 893 740 915 celeberrimorum
750 900 799 915 cum
810 892 856 922 qui-

124 927 165 948 bus
180 926 332 954 legumlator-es
346 926 421 948 eadem
438 927 662 953 communicaverunt,
678 926 776 955 operibus
791 926 854 947 iuno-

126 965 225 987 tuemnt,
239 959 273 981 vel
286 960 364 988 partim
380 964 465 981 tantum
481 962 544 989 atque
560 959 649 980 fortuito
664 958 690 980 ad
706 959 803 980 omnium
818 965 855 978 no·

124 992 195 1013 titiam
211 992 293 1021 perlata
308 997 372 1020 sunt,
387 992 422 1014 vel
438 992 501 1021 plane
517 992 587 1014 adhuc
606 996 684 1014 secreta
699 992 721 1013 iu
737 998 857 1020 paucorum

123 1025 224 1046 manibus
232 1030 349 1047 versantur.
357 1025 424 1047 Paulo
433 1030 480 1054 post
489 1033 569 1047 novum
575 1024 705 1054 judiciorum
711 1023 855 1046 criminalium

122 1058 239 1080 ordinem'
232 1067 254 1081 m
262 1059 360 1081 Bomssia
369 1060 473 1081 sancitum
482 1059 563 1081 Daniae
573 1059 618 1081 Rex
626 1058 728 1081 codicem
737 1064 855 1087 poenarum

122 1097 148 1113 et
161 1092 275 1114 criminum
289 1100 328 1121 pro
342 1092 428 1114 Ducatu
438 1092 545 1114 Holsatiae
560 1099 572 1113 a
586 1092 694 1114 Germano
704 1090 855 1113 Jureconsulto

119 1125 196 1154 Egger
209 1126 310 1155 scriptum
325 1126 427 1155 peculiari
438 1125 517 1148 Edicto
530 1131 551 1147 et
566 1125 723 1154 magistratibus
738 1130 759 1146 et
773 1121 854 1146 cunctis
