1142 1498
268 179 296 204 [μ
516 177 536 199 J.
551 177 582 198 Μ.
597 177 622 198 F.
637 177 745 199 Biemann.

268 240 334 254 novos
346 232 442 255 .Codices
458 232 480 253 in
500 232 605 253 unitatem
624 232 704 254 venerit
724 232 762 253 Jus
777 232 892 254 Criminale
907 233 1017 255 Francos*

269 265 383 286 Gallorum
401 265 535 294 aliorumque
553 265 695 294 populorum,
714 270 738 286 ut
757 273 811 295 quae
826 265 890 294 hujus
909 267 999 288 unitatis

267 298 295 318 sit
306 298 396 325 utilitas,
406 297 527 319 adcuratius
536 297 676 326 intelligatur.
686 297 733 319 Hoc
744 305 794 319 vero
805 298 902 327 inprimis
911 299 1000 320 summis

267 329 366 351 laudibus
386 330 440 351 solet
461 330 580 358 celebrari,
598 329 657 359 quod
677 335 759 358 praeter
777 337 855 358 poenas
875 331 897 352 in
916 330 1000 359 singula

252 373 254 375 ·
267 363 352 392 quaevis
363 362 466 384 maleficia
477 363 579 391 irrogatas
587 362 691 391 generalia
703 362 806 392 quaedam
815 363 933 392 punitionis
943 371 1002 392 prae-

266 401 327 424 cepta
339 396 361 416 in
375 402 492 424 poenarum
502 394 618 416 Codicibus
627 395 736 423 proposita
744 395 896 423 inveniuntur,
911 396 955 417 sive
969 403 1000 417 re·

234 448 236 450 .
268 428 329 456 gulae
346 433 415 449 certae
429 427 457 449 ad.
474 435 526 457 quaa
543 428 659 457 aequisime
675 426 758 449 diversa
773 426 853 455 judicia
868 427 1000 456 dirigantur,

266 460 325 482 velut
335 460 361 481 de
371 459 454 481 delictis
465 459 561 481 recidivis
573 465 594 481 et
605 459 631 481 de
641 458 791 481 maleficiorum
803 465 890 488 conatu,
900 459 927 481 de
937 461 998 482 noxia

267 498 288 514 et
300 493 442 520 excusatione,
454 492 480 514 de
491 492 542 514 dolo
551 497 572 514 et
582 492 644 521 culpa
654 492 743 521 aliisque
754 492 827 514 multis
838 492 929 520 generali
938 500 999 514 sanc—

266 526 324 547 tione
341 531 434 547 cavetur.
451 524 588 554 Quamquam
607 524 701 546 multum
717 525 787 553 abest,
803 530 827 546 ut
844 525 920 546 harum
936 533 998 554 regu-

267 558 336 579 larum
346 558 462 579 utilitatem
474 558 497 579 in
509 558 631 579 universum
643 558 761 585 ambigam,
771 557 826 579 illud
838 563 909 579 tamen
922 563 998 580 notatu

266 590 356 619 dignum
367 590 422 612 mihi
432 589 531 618 videtur,
540 595 635 618 tempore
644 590 682 612 Rei
694 590 795 612 Publicae
803 590 881 612 liberae
892 591 998 612 Romanos

267 623 371 651 generalia
385 622 490 651 ejusmodi
505 628 615 651 praecepta
629 623 658 644 ita
675 629 718 644 esse
734 622 867 652 adversatos,
885 618 911 644 nt
929 624 998 652 ipsum

267 656 397 685 quaestionis
418 654 515 676 ordinem
535 656 601 676 cuivis
621 654 701 676 delicto
720 655 848 684 peculiarem
870 657 998 677 constituere

265 695 309 709 non
329 687 467 715 dubitarent,
481 688 652 717 peculiaremque
669 688 806 709 accusationis
823 689 997 716 persecutionem.

265 720 353 742 Minime
370 720 410 742 hoc
423 725 526 749 perpetuo
541 720 594 741 utile
609 728 652 742 esse
667 720 700 742 vel
714 728 762 741 cnm
778 720 873 742 moribus
887 722 963 742 nostris
975 726 997 742 et

268 753 419 775 hodiernarum
436 754 548 775 civitatum
564 758 622 775 statu
640 753 727 782 publico
745 752 861 775 admodum
886 754 998 775 convenire

269 786 372 815 dixerim3
391 794 460 816 neque
479 794 528 808 vero
547 787 657 808 crescentis
674 791 836 815 praeceptorum
852 786 996 815 legitimorum

266 819 402 847 perfectionis
415 819 456 841 hoc
465 820 549 847 signum
563 824 620 845 erat,
635 826 684 840 cum
700 819 740 840 sub
754 819 920 847 imperatoribus
934 819 996 848 paul-

265 852 325 873 latim
339 860 393 882 quae
407 852 520 881 peculiaria
535 857 595 873 eraut
610 851 698 879 singulis
714 850 845 880 judiciorum
859 851 995 880 publicorum

259 884 358 912 legibus,
373 890 482 914 tamquam
494 884 599 913 generalia
611 883 638 905 ad
651 891 723 905 omnes
737 884 853 905 eriminum
865 884 996 913 quaestiones

265 917 434 939 extenderentur.
441 917 515 947 Neque
525 924 651 945 magnopere
663 916 749 937 laudare
759 924 842 945 possum
853 915 949 938 studium
956 916 995 937 Ju-

264 951 434 973 recousultorum
451 956 533 971 noatrae
548 950 621 971 aetatis
636 949 777 978 plurimorum
786 965 792 977 7
810 950 858 979 qni,
873 957 923 971 cum
938 949 995 971 Juris

265 983 387 1005 criminalis
397 983 488 1005 Romani
499 983 521 1004 in
534 982 662 1012 quibusdam
671 982 770 1011 Europae
781 982 902 1010 regionibus
914 987 996 1011 praeter

263 1016 335 1044 legum
354 1016 518 1038 domesticarum
537 1016 592 1044 jussa
611 1014 680 1036 adhuc
702 1014 800 1036 servandi
816 1020 907 1042 systema
929 1022 994 1043 expo-

267 1054 352 1076 nerent,
369 1049 475 1077 permulta
494 1055 548 1077 quae
563 1055 608 1069 non
625 1048 666 1069 nisi
684 1047 799 1075 singularia
815 1052 875 1068 erant
894 1047 995 1069 Romanis

245 1106 247 1108 Ι
264 1086 386 1110 praecepta,
401 1088 439 1109 pro
457 1086 559 1111 perpetua
574 1080 647 1108 regula
663 1079 736 1101 haberi
753 1079 879 1107 voluerunt,
893 1085 956 1109 atque
971 1080 994 1101 in

263 1112 304 1135 hoc
318 1113 390 1135 studio
403 1114 456 1142 ipsos
469 1113 627 1135 Jureconsultor
641 1113 747 1134 Romanos
761 1113 821 1142 quasi
833 1117 993 1142 superaverunt.
