1142 1498
455 182 540 203 Ona-no.
835 182 860 204 51

163 239 222 261 Haec
234 246 266 261 res
273 239 317 268 ipsa
329 246 363 260 me
372 246 459 260 monere
470 238 562 265 videtur,
573 244 598 260 ut
610 239 653 268 jam
664 238 692 260 ad
701 238 789 260 alteram
799 239 864 261 officii

133 273 176 294 mei
193 271 290 294 hodierni
308 277 388 300 partem
405 279 440 293 me
457 277 586 293 convertam.
605 272 632 293 lu*
644 271 754 293 narrandis
774 280 822 293 vero
838 267 863 294 iia

134 313 188 335 quae
206 305 309 334 superiori
326 312 381 326 anno
399 305 421 325 in
437 304 549 326 Academia
565 309 637 325 nostra
654 304 708 326 laeta
728 304 863 332 acciderunt,

134 339 229 367 primum
247 345 330 358 summo
347 345 409 366 opere
427 336 569 366 praedicanda
584 337 780 365 eabAugustissimi
796 339 864 359 nostri

134 371 198 400 Regis
215 371 330 399 sapientia,
348 378 396 400 qua*
407 371 432 391 iis
451 371 527 400 quibus
543 370 679 392 Academiam
695 377 788 392 nostram
807 371 865 393 illus-

135 409 191 426 trare
202 404 352 432 benignissime
363 403 442 431 voluit,
454 403 706 432 prosperitatis·pnblicae
718 404 789 425 fontes
801 404 865 426 adau-

136 445 183 465 gere
196 436 302 465 decrevit,
314 442 335 457 et
351 442 375 457 ut
387 444 399 457 a
410 436 471 457 nobis
483 437 580 464 inprimis
594 436 672 466 quibus
685 436 725 458 boc
736 436 864 458 beneficium

136 470 236 498 contigit,
252 469 405 497 Angustissimu
421 468 547 490 Academiae
562 474 645 490 nostrae
660 469 786 490 Restitutori
801 471 866 491 maxi-

136 510 182 524 mae
204 507 273 531 grates
289 501 399 523 habendae
412 507 474 530 sunt,
490 502 519 524 ita
541 502 609 531 quivis
625 501 690 523 homo
711 502 810 524 cordatus
828 504 865 533 qui

136 543 203 557 novae
219 535 362 556 institutionis
384 535 534 563 praestantiam
555 534 596 555 sibi
614 535 755 564 persuaserit,
773 535 865 557 solicitas

136 568 204 589 Patris
218 568 301 589 Patriae
312 575 371 589 curas
388 568 507 596 gratissimo
522 568 594 589 auimo
608 575 719 596 agnoscere
731 567 801 590 debet.
816 568 865 590 Non

136 601 205 622 tolum
219 606 289 622 nutem
299 600 380 628 legibus
392 601 417 621 iis
432 600 458 622 de
472 601 563 630 quibus,
574 606 597 622 ut
611 601 660 622 satis
674 601 762 622 facerem
776 602 865 630 antiquo

113 658 117 663 Ι
136 634 204 661 mori,
217 633 287 657 adhuc
301 632 446 654 disserendum
458 641 501 654 esse
512 634 597 662 putavi,
607 634 624 655 si
637 633 754 662 prudenter
768 641 804 655 eae
816 641 866 655 con-

136 666 232 694 dantur,
251 667 361 688 innumera
382 665 533 695 impedimenta
553 672 679 687 amoventur
698 674 794 696 qnaexex
810 666 866 687 mala

136 699 248 722 hominum
259 699 368 720 voluntate
377 699 441 720 saluti
448 699 485 720 Rei
493 699 593 720 Publicae
602 704 624 720 et.
635 697 714 720 civium
725 699 865 728 objiciuntur,

136 740 210 755 verum
231 733 295 754 etiam
314 733 339 754 iis
356 733 459 753 institutis
474 740 527 762 quae
545 732 572 753 ad
586 731 698 754 hominum
712 740 781 754 mores
797 734 867 754 emen-

136 764 218 788 dandos
236 770 346 794 spectant,
360 764 409 787 finis
425 765 461 786 ille
476 764 594 792 adtingitur
612 764 707 794 adeoque
725 765 748 786 in
765 766 810 794 ipsa
829 773 867 787 sna

136 798 218 826 origine
234 797 387 819 maleficiorum
407 804 480 818 causae
496 796 655 825 praeciduntur.
673 797 728 825 Quis
746 805 796 818 vero
815 797 866 819 infi-

137 830 236 858 dabitur,
242 830 342 859 consequi
355 829 396 851 hnc
404 830 481 851 Rerum
489 829 625 851 Publicarnm
633 829 777 851 Moderatores
784 831 866 859 optime

136 870 197 892 posse
220 862 304 891 publica
328 862 439 884 bominum
463 862 597 884 institutione
618 867 681 893 atque
703 863 801 891 inprimis
826 871 865 884 au-

138 896 206 925 genda
216 904 289 917 eorum
301 896 379 917 civium
391 895 521 923 eruditione,
535 896 571 924 qni
586 895 701 924 plurimum
716 896 738 917 iu
753 895 865 918 bominum

138 930 220 951 animos
235 929 307 950 valent
321 934 343 950 et
359 928 385 950 ad
399 929 500 957 pietatem
517 928 690 958 honestatemque
706 929 761 950 inter
776 937 811 950 eos
826 936 866 950 ser-

138 962 228 985 vandam
249 967 299 983 sunt
319 961 437 983 destinati?
453 962 503 989 Quo
523 962 589 989 magis
608 962 666 983 enim
683 961 715 982 illi
732 961 867 991 Philosophis

138 995 262 1018 notionibus
274 995 366 1016 instituti
377 995 443 1016 animi
455 994 543 1016 humani
554 1002 625 1016 veram
636 1000 734 1016 naturam
747 994 868 1023 intelligere

138 1028 265 1056 didicerint,
281 1035 306 1049 eo
322 1027 397 1048 melius
413 1026 477 1048 iidem
494 1027 548 1048 cives
561 1034 573 1047 a
588 1027 700 1048 sceleribus
716 1025 820 1049 avocandi
833 1028 867 1049 sa-

137 1062 217 1083 cultate
236 1066 300 1083 erunt
323 1061 420 1082 instructi
442 1066 506 1090 atque
534 1060 601 1082 divini
626 1061 658 1082 sui
678 1060 774 1082 mandati
798 1062 868 1083 officia

138 1095 265 1123 implebunt.
280 1093 345 1114 Plura
356 1092 383 1114 de
397 1092 429 1114 bis
441 1092 511 1114 dicere
525 1093 552 1114 ab
566 1093 635 1114 officio
650 1101 698 1114 meo
713 1094 806 1116 alienum
823 1100 867 1122 est,

137 1129 186 1150 ratis
206 1136 256 1149 vero
275 1126 350 1150 dixisse
370 1127 476 1156 videbor,
493 1128 510 1149 si
530 1127 619 1156 Collegii
639 1127 783 1157 Pbilosophici
802 1128 869 1172 bfdie

786 1170 797 1190 7
