1142 1498
462 176 548 199 Omm.
844 179 873 206 43

143 234 186 256 Nec
191 234 285 264 deniqne
296 242 401 256 summam
408 234 466 256 illam
472 233 534 255 video
541 234 676 264 quarundam
683 234 804 263 regularum
815 242 872 256 com-

142 268 235 289 muniter
251 275 291 296 pro
308 268 404 289 omnium
421 266 574 289 maleficiorum
590 267 702 297 punitione
719 268 741 289 in
756 267 872 289 Codicibus

142 299 250 322 hodiernis
264 299 398 329 proditarum
412 300 550 330 aequitatem.
561 301 564 304 ⁴

170 358 202 384 Ut
212 361 254 383 alia
264 361 333 383 multa
343 362 442 383 omittam
456 361 562 390 exempla,
574 368 618 382 non
629 360 690 383 valde
701 361 819 390 profectam
829 369 872 383 esse

142 395 195 416 Rem
204 394 343 416 Criminalem
355 395 402 423 quis
414 393 566 423 praedicaverit
577 401 602 415 eo
614 393 674 424 quod
685 393 712 415 de
722 394 819 416 omnium
830 395 871 416 cri—

141 427 226 449 minum
236 432 314 448 conatu
324 434 437 448 commune
446 431 582 455 praeceptum
593 427 704 448 continent
715 426 810 448 Codices.
821 427 873 455 Qui-

141 467 225 489 cunque
236 460 400 487 examinaverit,
409 465 489 488 quanta
504 459 532 480 sit
548 466 623 480 eorum
639 466 693 489 quae
709 464 818 489 tamquam
830 460 872 481 cri-

141 493 199 513 mina
211 491 276 513 hodie
290 492 361 520 puniri
374 491 443 513 solent
453 490 564 523 ⁴diversitas
572 507 578 519 ,
592 499 630 513 nec
642 491 711 513 solum
728 492 783 518 facta
794 492 873 521 quibus

141 524 197 546 hona
209 524 331 545 hominibus
342 524 376 545 vel
391 524 417 545 ab
430 525 475 553 ipsa
490 529 567 545 natura
582 523 615 545 vel
628 531 640 544 a
652 524 802 553 conjunctione
814 524 873 546 civili

142 563 239 578 concessa
256 556 345 578 aliorum
355 555 406 578 dolo
424 561 461 578 aut
474 556 536 585 culpa
551 555 627 577 iisdem
644 556 743 585 adempta
757 556 885 586 videntur‚.

141 596 217 614 verum
232 589 297 610 etiam
312 589 366 610 facta
381 589 487 617 permulta
503 588 581 618 quihus
595 596 639 610 non
658 589 699 610 nisi
714 589 736 610 in
753 589 872 617 periculum

141 627 216 643 vocata
234 621 270 643 illa
289 621 346 642 bona
365 621 456 642 aliorum
472 620 523 643 dolo
541 621 629 650 culpave
648 620 691 642 dici
710 627 812 650 possunt,
832 629 871 650 pro

141 655 292 676 consummatis
305 653 413 676 maleficiis
425 653 498 676 haberi
513 653 579 675 solere
595 653 690 683 adeoque
705 653 793 682 debere,
806 661 873 683 aequo

142 687 208 709 modo
228 686 255 708 ds
274 687 371 708 omnium
392 686 469 708 horum
491 686 644 708 maleficiorum
666 691 744 707 conatu
764 686 873 715 puniendo

142 719 261 750 quidquam
273 724 377 747 statuere,
392 727 431 741 nec
445 727 536 749 aequum
549 719 669 740 aestimabit
683 726 722 740 nec
736 719 824 747 justum.
839 720 872 741 Si-

140 752 239 782 quidem5
247 757 272 773 ut
285 759 350 774 unam
362 757 446 773 tantum
457 750 543 773 Codicis
556 751 574 772 F
575 751 730 773 rauco-Gallici
741 752 872 774 sanctionem

141 784 169 806 ad
182 792 227 806 rem
242 783 392 806 illustrandam
405 783 500 812 adlegem
508 800 514 812 ⁷
526 788 695 806 consummatum
706 791 731 805 ex
744 791 769 805 eo
785 792 871 806 censen—

142 817 194 838 dum
208 822 240 838 est
256 817 322 838 laesae
338 817 454 846 Majestatis
467 817 559 845 crimen,
576 817 613 838 uhi
627 817 720 845 primum
735 817 872 839 commissum

142 850 207 871 suerit
218 855 256 871 aut
268 849 392 871 inchoatum
407 848 495 878 aliquod
509 849 601 877 factum,
614 856 657 878 quo
669 848 696 871 ad
708 849 803 871 criminis
815 850 872 871 illins

140 882 293 912 perfectionem
307 882 453 911 perveniretur
467 881 526 911 (31);
542 889 653 911 quousque
666 882 688 903 in
702 881 760 903 illius
774 882 872 904 facinoris

142 915 325 938 animadversione
341 914 522 944 progrediendum
540 915 607 943 soret,
623 915 641 936 si
656 914 683 936 de
700 921 788 936 conatus
807 915 871 937 modo

141 946 243 977 descripti
251 952 328 970 conatu
337 948 427 976 amplius
440 953 493 969 esset
504 947 650 977 quaerendum
658 963 665 976 ‚
675 948 730 969 sicut
741 947 792 975 legis
804 948 871 976 scrip-

141 987 190 1003 tura
205 981 246 1002 hoc
260 981 368 1010 postulare
381 980 480 1003 videtur}¹
495 980 540 1001 Hae
553 981 597 1009 jam
612 979 638 1001 de
652 987 695 1001 uno
704 996 710 1008 ,
726 980 784 1009 quod
800 985 872 1002 totum

142 1014 180 1035 Ius
195 1013 311 1035 Criminale
326 1014 351 1034 in
364 1018 432 1034 artem
447 1012 557 1034 redactum
576 1012 713 1034 commodum
732 1012 808 1034 hahere
823 1013 871 1042 vple·-

142 1053 234 1076 rumque
253 1045 346 1074 dicitur,
364 1044 509 1067 dubitationes
525 1044 607 1066 adlatae
624 1045 735 1066 sufficiant.
752 1045 781 1066 lis
800 1051 872 1067 autem

141 1077 247 1108 quaedam
253 1077 401 1106 subjungenda
412 1083 463 1099 sunt
474 1077 500 1099 de
512 1077 577 1099 altera
588 1078 691 1106 perfectae
703 1078 791 1099 unitatis
802 1078 871 1103 laude,

140 1109 209 1141 'qnam
219 1110 333 1133 Codicibus
346 1118 460 1139 poenarum
473 1110 581 1133 hodiernis
597 1115 618 1132 et
632 1111 764 1139 potissimum
777 1111 870 1132 Franco-

139 1145 231 1168 Gallicis
242 1153 290 1167 cum
303 1146 338 1167 alii
350 1146 425 1174 multi,
435 1151 481 1167 tum
493 1146 532 1174 ipsi
541 1153 615 1168 eorum
627 1151 734 1174 rogatores
744 1146 870 1167 tribuerunt.
