1142 1498
258 190 270 204 2
511 182 532 203 J.
548 182 579 203 M.
594 182 619 204 F.
635 182 736 204 Biannauu

258 241 434 270 exspectationem
447 240 540 268 explere,
552 238 590 261 diu
601 239 702 261 haesitavi
714 239 823 269 quodnam
835 239 985 269 disputationis

256 279 406 303 argumentum
424 272 554 301 seligerent?
570 272 636 300 Quod
654 280 703 294 vero
721 273 813 294 maxime
830 273 921 301 augebat
939 281 985 295 eam

256 315 320 337 quam
336 308 380 335 jam
394 311 444 327 ante
460 305 525 327 habui
542 304 711 334 dubitationem,
728 305 750 327 id
767 306 835 335 ipsum
852 311 911 334 erat,
928 305 987 336 quod

256 340 422 368 Angustissimus
434 339 477 360 Rex
491 343 562 360 noster
574 339 730 367 sapientissimo
741 339 832 360 consilio
845 346 926 360 novum
939 337 987 360 Col-

256 373 336 401 legium
353 370 528 399 Pbilosophicum
545 378 595 392 cum
615 370 728 392 Academia
744 376 817 392 nostra
832 372 934 399 conjungi
952 379 987 393 vo-

256 406 307 433 luit,
320 403 416 434 illudque
430 403 505 425 eodem
520 402 555 425 die
573 404 676 432 auspicari
689 403 782 432 placuit,
796 411 840 433 quo
851 404 986 432 Magistratus

255 437 394 460 Academicus
406 445 430 458 ex
440 436 486 465 lege
496 436 549 457 mihi
562 442 615 458 esset
626 435 770 465 deponendus.
781 436 918 466 Quamquam
929 437 986 459 enim

256 478 311 493 unus
329 478 354 492 ex
371 470 431 492 Viris
448 469 589 498 elatissimis,
607 470 644 499 qui
661 470 684 491 in
702 469 740 491 illo
757 469 854 498 Collegio
870 470 987 498 juventutis

257 502 402 525 instituendae
422 503 553 532 provinciam
574 503 631 524 nacti
649 508 699 524 sunt
710 519 717 531 7
735 502 762 524 ad
779 502 903 525 celebranda
919 511 987 525 novae

256 536 395 558 institutionis
415 536 517 557 solemnia
533 535 660 564 peculiarem
681 535 799 557 orationem
820 534 917 557 dicturus
937 541 986 564 cst,

256 569 311 591 hanc
323 576 368 590 rem
379 574 451 589 tamen
464 575 508 589 non
521 568 551 589 ita
562 568 653 589 alienam
664 575 707 589 esse
721 569 795 596 putavi
806 568 833 589 ab
847 568 917 590 officio
928 575 987 597 meo,

257 607 281 624 ut
291 601 399 623 crederem
410 600 437 622 de
448 600 555 629 ejusmodi
566 605 692 629 argumento
702 601 762 630 loqui
774 600 847 628 licere,
859 600 918 631 qnod
927 601 987 623 nullo

256 642 341 664 prorsus
351 639 414 663 pacto
426 641 475 655 cum
484 633 547 662 hujus
556 633 599 655 diei
609 634 743 655 solemnitate
754 635 905 656 contineretur.
915 634 987 662 Quam

256 675 308 689 vero
322 667 407 688 difficile
421 667 448 688 sit
460 674 484 688 ea
499 667 572 688 omnia
586 667 642 689 inter
653 675 675 688 se
692 675 819 696 componere
830 675 884 697 quae
897 674 908 688 a
920 675 955 689 me
967 673 989 688 et

257 701 345 729 antiqua
359 698 492 721 consuetudo
506 705 532 721 etr
539 704 594 721 nova
607 700 716 721 institutio
727 700 836 729 postulant
845 716 851 728 ,
867 707 930 721 nemo
944 707 989 721 nou

258 732 369 761 intelliget.
381 732 438 754 Nam
448 732 556 761 aptissima
566 740 663 763 quaeque
673 732 701 755 ad
710 732 772 762 hujus
782 732 824 754 diei
834 732 990 755 solemnitatem

258 765 398 787 remotissima
415 770 465 786 sunt
480 765 506 787 ab
523 773 548 787 ea
562 764 660 787 doctrina
678 773 742 795 quam
758 765 858 795 equidem
873 765 989 794 profiteor,

257 803 279 820 et
295 798 364 820 aliena
378 805 391 819 a
403 798 491 819 scientia
510 805 557 819 mea
566 814 573 827 ⁷
592 803 617 819 ut
633 799 702 827 impar
717 798 799 820 viribus
815 799 867 820 meis
882 805 934 827 opus
951 797 990 819 ad-

258 831 318 860 gredi
337 839 432 859 vererer,
449 831 466 852 si
481 830 556 853 eadem
573 831 669 852 oratione
686 829 796 860 adtingere
811 831 902 853 vellem!
918 831 947 853 Et
964 839 989 853 ex

257 865 356 887 universo
377 864 460 886 ambitu
481 863 538 885 illius
555 863 665 885 doctrinae
677 880 684 893 ⁷
705 865 767 893 cnjus
784 863 892 886 docendae
910 871 989 886 munus

257 897 312 919 mihi
328 897 436 925 contigit,
453 904 518 926 quam
536 896 622 918 tandem
639 902 720 926 partem
738 898 828 926 reperire
845 904 921 927 queam
935 904 990 926 quae

258 930 330 960 aliqua
342 930 424 952 ratione
436 929 547 951 cohaerere
560 929 658 951 videatur
671 937 720 951 cum
730 930 819 951 consilio
831 937 855 951 ac
868 929 911 951 fine
922 936 990 951 novae

257 963 321 992 hujus
334 963 486 991 institutionis,
497 970 562 992 quam
574 962 637 990 Regis
651 962 800 990 Angustissimi
815 970 909 984 summae
922 963 988 984 bene-

258 996 364 1018 velentiae
378 994 500 1017 debemus?
513 995 575 1016 Licet
587 995 644 1016 enim
657 1002 730 1016 omnes
745 995 869 1024 disciplinae
881 994 989 1024 quandam

258 1030 413 1051 continentiam
429 1037 499 1051 rerum
517 1035 538 1051 et
554 1029 768 1051 communicationem
784 1029 862 1051 habere
878 1028 989 1056 dicantur,

259 1063 314 1085 hanc
328 1068 400 1084 tamen
415 1062 630 1084 communicationem
646 1063 731 1092 penitus
746 1062 862 1091 perspicere
878 1069 941 1083 nemo
957 1068 991 1082 va-

224 1118 227 1120 ,
259 1096 304 1124 let,
323 1096 375 1125 quin
396 1102 470 1117 omnes
486 1095 575 1116 omnino
592 1094 713 1124 disciplinas
728 1094 842 1123 diligenter
860 1094 951 1116 coluerit
965 1101 990 1115 ac

259 1134 330 1151 mente
343 1129 370 1150 sit
382 1128 518 1157 complexus,
532 1135 571 1149 nec
586 1128 698 1158 quisquam
712 1128 767 1150 clare
784 1127 842 1149 illam
857 1126 989 1149 demonstra-
