1142 1498
272 181 299 201 36
519 178 539 199 J.
557 178 589 199 M.
605 177 629 199 F.
646 177 754 199 Bnnnuu.

271 236 444 265 conjunctionem
456 235 533 257 habere
542 234 659 257 creduntur
668 240 733 265 atque
743 235 973 265 communicationem,
983 241 1004 259 et

271 277 338 291 novae
354 269 384 291 rei
394 269 528 291 concessione
537 268 627 290 aliarum
642 273 730 297 putatur
745 269 852 297 exstingui
867 268 1003 292 desiderium.

301 335 376 364 Neque
390 341 460 356 tamen
476 342 562 362 omnes,
571 335 610 364 qui
625 340 696 357 nostra
710 340 779 357 aetate
793 334 892 364 publicae
907 335 1004 357 animad-

272 368 373 389 versionis
390 373 411 389 et
426 368 555 398 quaestionis
567 368 684 389 criminalis
698 375 753 390 nova
768 373 878 397 praecepta
890 374 1004 390 sanxerunt

272 401 352 422 Rerum
375 401 512 423 Publicarum
534 400 693 429 Moderatores,
710 401 745 422 vel
767 400 889 422 earumdem
911 401 1005 423 violenta

271 435 395 462 conversio,
411 435 444 456 vel
459 435 604 456 conversionis
618 435 683 456 timor
693 434 720 457 ad
732 434 772 457 hoc
784 443 837 464 opus
849 434 1005 456 conficiendum

272 469 370 498 impulit,
379 467 416 489 sed
425 468 507 496 plures,
520 473 544 488 ut
556 468 600 496 jam
612 468 747 495 monuimus,
760 468 795 489 vel
809 467 949 489 humanitatis
961 475 1006 489 sen—

272 510 307 523 sns
327 502 415 531 impulit
435 501 468 523 vel
488 501 586 531 publicae
606 501 732 531 disciplinae
752 502 899 524 consideratio.
924 502 1006 523 Multae

272 536 335 557 etiam
354 535 396 556 hoc
414 534 498 556 saeculo
518 540 592 556 nostro
609 542 677 556 novae
693 536 790 557 civitates
808 543 833 557 ex
852 535 1005 556 dissolutorum

272 568 413 597 Imperiorum
428 567 524 596 partibus
537 568 676 596 constitutae,
689 567 742 589 aliae
760 568 800 589 Res
816 567 917 589 Publicae
934 573 1008 589 auctae

273 601 306 622 vel
320 600 392 630 aliqua
410 601 492 622 ratione
509 605 605 621 mutatae
620 605 671 621 sunt
688 605 813 622 eventorum
830 601 863 629 vi,
879 601 907 622 ab
923 601 1006 622 interna

272 635 364 662 ipsarum
381 632 566 655 administratione
578 641 664 662 prorsus
680 633 760 661 aliena,
776 633 871 655 homines
884 634 923 655 hac
935 641 1006 655 rernm

272 667 442 688 commutatione
461 666 543 695 saepius
562 674 587 687 ex
609 665 755 688 diversissimis
777 666 964 694 conjunctionibus
980 667 1007 687 ci-

272 699 350 721 vilibus
367 699 389 720 in
405 699 468 721 unius
483 699 576 729 civitatis
592 700 766 721 communionem
783 699 886 728 conjecti,
899 704 920 720 et
935 698 1006 720 diver-

272 732 352 754 sissima
370 732 393 754 in
412 731 519 754 maleficiis
540 732 654 761 puniendis
671 738 736 762 atque
755 732 905 762 persequendis
921 733 968 761 jura
985 732 1008 753 in

273 766 335 787 variis
350 765 419 793 Regni
434 765 540 794 perexigui
554 765 650 794 partibus
665 766 780 787 constituta
796 766 967 794 reperiebantur,
982 773 1008 786 ex

273 806 365 828 quorum
390 798 516 819 simultanea
536 798 671 820 observantia
692 798 714 819 in
731 798 851 827 pericuium
876 798 947 819 vocari
968 798 1008 819 Res

273 831 361 852 Publica
375 831 408 852 vei
421 830 521 859 impediri
536 831 581 859 ejus
597 830 753 852 administratio
769 831 804 852 vel
817 830 876 852 aliud
890 831 1009 852 incommo-

272 863 325 886 dum
338 865 396 886 nasci
406 863 526 892 videbatur,
535 864 570 885 cui
580 865 624 892 jam
634 864 695 886 novis
702 864 787 893 legibus
796 864 946 886 communibus
957 869 1009 885 esset

272 896 410 919 medendum.
422 896 526 919 Universe
540 896 686 919 moderatores
702 897 800 918 omnium
816 897 895 919 Rerum
908 897 1007 918 Publica-

272 938 321 952 rum
342 938 432 960 quarum
451 935 518 951 status
539 938 611 952 recens
632 929 743 952 ordinatus
762 930 943 959 conspiciebatur,
959 929 1008 951 licet

273 963 322 984 illae
338 962 365 984 ad
383 962 440 984 hunc
455 968 535 984 statum
552 970 591 984 nec
608 962 682 984 eadem
701 964 736 985 via
751 971 790 984 nec
805 962 880 985 iisdem
894 964 1009 985 momentis

272 1005 311 1018 nec
328 996 404 1018 eodem
422 996 513 1018 consilio
530 1004 555 1018 ac
571 996 737 1018 Franco-Gallia
754 997 900 1026 pervenerint,
915 995 1007 1025 judicio-

272 1038 321 1052 rum
334 1030 432 1052 ordinem
447 1039 534 1061 quoque
549 1036 571 1052 et
584 1038 701 1060 poenarum
717 1031 821 1053 rationem
836 1032 900 1060 ipsius
917 1031 1010 1052 civitatis

272 1062 403 1085 ordinationi
413 1063 575 1085 accommodare
587 1064 824 1085 studuerunt.Mnlturn
835 1063 927 1093 denique
937 1064 1009 1092 legum

271 1103 309 1124 per
328 1095 496 1118 dominationem
513 1097 646 1125 peregrinam
663 1097 748 1126 populis
764 1097 900 1118 obn-asarum
921 1096 955 1118 vel
969 1104 1009 1117 no-

271 1129 342 1150 vitatis
357 1128 428 1150 studio
444 1129 470 1150 ah
485 1130 511 1151 iis
525 1135 659 1158 receptarum
674 1129 749 1151 odium
764 1129 792 1151 ad
804 1137 908 1152 novarum
919 1129 1010 1151 sanctio-

272 1169 321 1182 nem
336 1162 358 1183 in
374 1162 430 1190 ipsos
445 1161 536 1191 populos
551 1162 585 1185 vel
600 1162 703 1191 principes
722 1162 797 1184 valuit.

758 1236 769 1243 κ
