1142 1498
254 166 281 187 50
500 166 520 188 J.
538 167 569 188 M.
585 167 609 188 F.
626 167 726 189 Binum-1

282 227 313 249 Ut
328 235 378 248 vero
394 235 438 248 non
455 228 583 256 experientia
600 227 644 248 sine
660 226 769 249 doctrinae
785 227 876 256 anxilio,
895 228 925 250 ita
943 236 982 251 nec

251 260 348 285 doctrina
363 260 408 281 sine
423 260 522 282 subsidiis
536 261 675 289 experientiae
688 260 805 289 perfectum
818 260 981 289 legumlatorem

252 293 322 314 efficit.
335 292 409 322 Neque
422 292 491 314 solum
506 300 531 314 ex
549 293 650 314 continua
666 300 736 314 rerum
752 293 868 314 forensium
882 293 982 316 domesti-

252 333 324 347 carum
338 326 487 347 exercitatione
502 333 575 348 verum
591 326 655 347 etiam
672 333 694 346 ex
709 326 752 354 ipsa
767 326 855 347 actionis
867 326 982 348 criminum

252 358 309 387 apud
321 358 372 380 alios
385 358 475 387 populos
489 358 619 386 inspectione
631 358 681 379 haec
694 357 787 379 subsidia
799 364 849 379 sunt
860 359 980 387 repetenda.

251 391 366 420 Praecipue
380 391 418 412 ubi
437 391 510 419 populi
526 391 617 419 alicujus
635 390 737 412 politicae
752 391 897 413 institutiones
910 393 981 413 minus

252 425 345 452 magisve
361 424 499 445 inveniuntur
514 432 539 445 ex
554 424 673 445 imitatione
688 431 762 445 eorum
777 423 913 453 descendere,
928 432 982 453 quae

252 456 310 485 apud
324 457 390 478 alium
405 457 521 478 multorum
537 456 669 478 saeculorum
684 457 810 485 experientia
822 457 980 485 comprobavit,

252 490 310 511 illius
326 489 467 517 legumlator,
488 490 525 519 qui
546 490 663 518 aptissimas
679 489 753 510 >eidem
775 489 829 517 leges
852 489 980 511 Criminales

252 521 361 544 scribendi
377 522 488 543 consilium
505 523 588 550 inierit,
605 529 643 543 nec
658 529 730 543 earum
744 522 903 543 institutionum
916 522 981 544 adcu-

251 556 379 584 ratissimum
401 563 487 577 examen
505 554 668 583 dedignabitur,
686 562 739 584 quae
757 554 814 583 apud
831 555 897 576 alium
915 563 982 584 popu-

252 588 298 610 lum
312 594 379 610 status
394 588 475 617 publici
489 589 570 617 optima
585 588 718 609 firmamenta
731 588 885 612 existimantur.
899 588 982 614 Volun-

251 622 301 643 tatis
312 626 343 643 est
350 637 356 649 ,
365 622 395 642 ait
406 621 535 649 Romagnosi
546 620 602 650 (36),
613 621 767 642 Celeberrimus
777 620 840 642 hodie
851 621 907 642 inter
917 621 981 643 Italos

252 654 309 675 Juris
318 653 440 676 criminalis
449 654 548 682 scriptor⁷
559 653 610 674 haec
622 653 654 675 vel
664 653 701 674 illa
711 654 790 674 semina
800 661 906 682 spargere,
917 661 981 683 quem

251 694 302 708 vero
314 686 389 715 sparsis
402 685 435 707 his
447 686 481 707 vel
492 686 534 707 illis
551 685 613 708 arbor
629 684 677 707 inde
691 686 795 707 nascitura
809 686 903 708 fructum
915 686 981 716 ferat,

251 720 318 747 magis
337 719 473 741 necessitatis.
495 719 558 740 Nunc
576 726 625 740 vero
643 718 690 740 talis
706 724 737 740 est
754 718 817 740 hodie
836 719 891 740 inter
908 726 981 741 omnes

251 754 352 775 cultiores
367 753 457 782 populos
473 752 605 775 necessitudo
626 758 647 774 et
667 753 714 774 talis
730 753 848 778 civitatum>
861 760 938 781 nexus,
957 758 982 774 ut

252 786 403 808 Criminalinm
418 794 503 816 quoque
517 786 589 814 legum
604 786 659 808 lator
674 794 717 811 non
734 786 803 808 solum
818 786 892 815 populi
906 786 939 807 sui
952 786 983 807 in-

252 819 313 847 genio
333 819 409 840 debeat
430 819 539 840 consulere
558 819 699 849 civilibusque
715 819 887 847 necessitatibus,
908 826 982 840 verum

251 852 315 873 etiam
330 852 400 881 aliqua
419 852 476 873 Juris
492 851 595 873 Gentium
612 852 741 880 obligatione
761 852 828 873 teneri
844 851 941 873 videatur
960 857 981 873 et

252 885 290 906 illo
304 884 390 905 vinculo
399 900 405 912 ‚
421 883 479 914 quod
493 884 583 913 populos
598 892 671 905 omnes
685 884 712 906 ad
724 884 843 906 communis
858 889 879 905 et
894 889 981 905 mutuae

251 917 388 946 perfeetionis
403 916 499 938 studium
513 916 633 945 adstringit.
648 917 740 946 Quoque
755 917 821 945 magis
834 922 908 945 optare
920 916 981 938 debe-

252 958 313 978 mus⁷
324 957 350 971 ne
364 950 420 971 cives
436 950 503 971 nostri
518 949 575 978 apud
587 950 675 971 Exteros
689 949 836 979 delinquentes
848 957 873 970 ex
887 949 981 971 barbaris

252 982 334 1011 legibus
350 982 488 1012 judicentur,
507 990 532 1003 eo
550 983 621 1003 miuus
634 990 744 1011 possumus
763 987 844 1004 nostras
860 981 950 1004 alienare
970 990 982 1004 a

253 1016 362 1037 communi
378 1023 440 1036 sensu
455 1015 532 1037 saeculi
546 1015 619 1036 nostri.
631 1015 688 1037 Haec
700 1015 775 1037 suadet
786 1015 920 1043 humanitas,
930 1015 982 1037 haec

252 1048 344 1077 denique
355 1049 462 1076 religionis
474 1048 542 1070 cultus
556 1048 658 1077 imperat,
671 1049 705 1069 cui
716 1048 867 1077 sapientissime
878 1048 981 1077 prospicit

252 1081 314 1109 Regis
328 1080 476 1109 Angustissimi
492 1089 577 1107 summa
592 1081 753 1103 benevolentia!
