1142 1498
272 175 296 201 14
515 170 535 192 J.
553 170 585 192 M.
600 170 625 193 F.
640 171 748 194 Brmunu.

269 226 327 248 Viris
336 226 425 248 eruditis
436 225 602 248 examinandum
614 226 736 255 proposuit,
747 224 864 255 eodemque
873 233 930 247 anno
940 226 998 256 apud

268 259 392 288 Hungaros,
404 260 440 289 qui
456 264 479 280 ut
494 259 557 280 abiis
573 266 626 288 quae
641 264 712 280 nostra
726 264 795 280 aetate
807 264 874 280 totam
889 259 997 288 Europam

268 293 402 320 agitaverunt
418 291 553 313 remotissimi
569 296 642 319 erant,
656 291 686 312 ita
700 298 775 312 eorum
789 298 843 320 quae
856 298 869 312 a
883 291 999 320 Maioribus

269 330 396 353 acceperunt
410 324 537 345 tenacissimi
556 329 624 352 sunt,
645 331 713 345 novus
728 322 802 345 Codex
819 323 846 345 de
863 323 945 346 delictis
962 332 997 346 eo-

269 365 360 386 rumque
371 357 445 385 poenis
458 356 551 385 prodiit,
563 364 603 385 pro
613 355 756 377 tribunalibus
768 356 837 384 Regni
846 357 998 386 regionumque

269 389 338 412 eidem
357 397 484 411 annexarum
504 397 516 411 a
533 389 671 419 popularium
689 389 780 411 concilio
799 394 885 417 rogatus
897 406 903 418 ⁷
923 391 958 411 cui
976 390 999 412 id

268 430 347 444 munus
361 431 372 444 a
388 423 456 451 Regni
470 422 567 444 Comitiis
583 421 689 450 delatum,
703 427 725 443 et
737 421 778 443 hoc
790 422 924 451 potissimum
936 430 998 445 curae

269 464 326 485 erat,
339 464 363 479 ut
377 458 477 487 antiquae
491 458 546 485 leges
561 457 658 486 poenales
671 457 751 485 patriae
767 457 854 478 mutatis
865 457 961 478 moribus
974 464 997 478 ac

268 496 388 519 temporum
402 489 583 512 vicissitudinibus
597 489 813 511 accommodarentur.
823 489 866 511 Pro
877 495 935 511 vasto
946 489 998 511 Rus-

268 524 309 545 siae
321 523 414 552 Imperio
425 524 468 551 jam
483 528 525 544 tres
537 522 578 544 hoc
591 522 674 544 saeculo
686 522 776 544 Codices
788 522 914 544 Criminales
925 530 949 544 ex
960 530 998 551 pn-

268 556 325 578 hlico
340 554 442 577 mandato
453 556 527 584 scripti
538 560 601 583 sunt,
612 563 702 584 quorum
717 554 760 576 duo
774 562 849 583 operae
865 555 998 576 Jureconsul-

268 595 340 610 torum
359 589 516 610 Germanorum
533 588 614 616 Globig
635 593 655 609 et
671 588 740 609 Jakob
759 587 878 616 debentur,
897 589 971 609 tertius
985 596 997 612 a
1029 590 1032 593 ’

269 622 386 643 domestico
401 621 492 642 concilio
505 619 645 642 adumbratus
659 625 722 650 atque
734 628 745 642 a
758 620 837 642 Senatu
846 621 933 649 Imperii
943 628 998 642 com-

267 654 369 683 probatus
385 661 452 682 nuper
467 654 489 674 in
502 653 612 682 publicum
628 652 697 674 editus
711 658 749 674 est.
766 653 867 674 Similiter
882 653 996 679 Russorum

269 687 397 707 Autocrator
419 693 483 707 novas
500 686 554 714 leges
575 685 681 713 generales
702 693 741 714 pro
760 686 827 707 causis
845 686 959 707 criminum
975 687 997 707 in

268 726 333 747 regno
351 718 452 740 Poloniae
468 719 545 740 sanciri
560 718 642 746 voluit,
657 719 749 747 novique
767 717 856 740 Codices
873 718 997 740 Criminales

269 760 294 773 eo
306 751 395 773 consilio
407 757 432 773 ut
443 751 515 779 legum
527 752 571 772 vim
583 751 715 779 obtinerent,
725 751 813 780 publica
824 752 949 778 auctoritate
959 759 997 780 pro

269 784 387 806 Ducatibus
398 784 527 805 Vimarieusi
538 789 559 805 et
569 783 671 812 Badeusi,
682 789 746 813 atque
759 791 798 812 pro
809 784 887 812 Regnis
894 784 998 806 Wirtem-

268 818 328 845 hergi
343 822 365 838 et
380 817 516 838 Hannovriae
533 817 654 845 nuperrime
669 816 782 845 conscripti
797 821 853 838 sunt.
868 816 957 845 Egregie
972 817 998 839 de

268 850 416 871 recentissimis
429 849 461 870 his
475 849 633 877 legumlationis
646 849 757 870 conatibus
770 854 791 870 et
803 848 829 870 de
842 848 944 870 hodierna
955 851 998 878 ejus

269 884 291 904 in
302 883 417 904 Germania
429 882 552 904 conditione
563 882 697 904 Clarissimus
708 882 859 910 Mitterrnaier,
870 882 926 903 inter
936 883 999 911 scrip-

269 923 325 938 tores
337 916 394 938 Juris
409 915 532 937 Criminalis
542 915 662 937 Germanos
676 923 733 937 nunc
748 915 810 937 facile
821 916 920 944 princeps
928 932 934 944 ‚
949 924 998 938 cum

269 950 291 971 in
307 949 354 970 aliis
364 949 448 977 scriptis
463 953 509 970 tum
521 949 543 969 in
558 948 661 977 peculiari
677 947 704 969 ad
717 947 758 969 hoc
772 953 920 976 argumentum
933 949 999 977 perti-

269 987 332 1004 nente
346 989 410 1010 opere
425 980 546 1010 disputavit.
564 980 640 1002 Eidem
658 980 711 1002 Viro
728 981 826 1007 notitiam
842 980 943 1003 dehemus
959 982 999 1003 Co-

269 1014 322 1036 dicis
333 1014 466 1042 criminans,
478 1021 541 1043 quem
552 1021 591 1043 pro
603 1014 677 1042 Regno
688 1014 789 1035 Saxoniae
800 1022 867 1043 nuper
879 1015 998 1043 composuit

268 1048 309 1070 Vir
325 1047 499 1069 Consultissimns
518 1047 608 1076 Sfflhel,
626 1052 738 1077 postquam
756 1048 800 1076 jam
820 1047 863 1068 duo
879 1047 915 1075 alii
927 1047 996 1074 ›Jure-

270 1079 362 1102 consulti
377 1079 417 1101 hoc
433 1080 517 1101 saeculo
532 1079 626 1109 ejusdem
639 1080 670 1102 rei
684 1080 803 1109 periculum
819 1080 925 1109 fecerant,
941 1080 1003 1109 Rege,

270 1112 424 1135 humanissimo
439 1113 534 1142 jubente.
