1142 1498
286 175 300 197 8
345 172 347 175 ’
537 174 557 197 J.
574 174 605 197 M.
620 174 646 196 F.
662 174 763 197 Enniam(

286 234 359 262 Belgio
377 232 450 261 dedit,
467 240 506 254 uec
521 232 613 263 denique
631 232 658 255 de
677 233 704 254 iis
725 240 779 263 quae
800 231 877 254 eodem
895 232 938 254 fere
960 240 1016 255 anno

285 267 396 296 Olisipone
412 266 524 295 proposuit
541 273 652 287 causarum
666 266 773 287 Patronus
788 265 872 287 Pereira
885 273 897 287 e
910 266 976 288 Sousa
989 266 1017 288 ad

285 297 432 327 corrigendam
449 306 494 320 rem
510 298 641 319 criminalem
656 297 805 327 judiciariam,
821 298 844 319 in
857 305 900 327 qua
916 298 944 319 ad
958 298 1016 321 hunc

285 331 342 357 diem
356 331 460 361 quaedam
473 331 587 352 observant
597 331 706 358 Lusitani,
722 330 799 360 quibua
814 330 842 352 ah
856 331 900 359 ipsa
913 331 1018 353 Romano-

286 372 334 386 rum
350 363 497 385 dominatione
515 364 619 385 continuo
637 364 670 385 usi
685 371 728 385 esse
746 362 847 385 videntur
867 363 918 391 (3);
936 363 965 387 ad
984 372 1017 387 eas

286 398 358 427 potius
369 398 464 419 civitates
475 405 513 418 nos
525 402 685 425 convertamus,
695 404 749 426 quae
761 396 795 418 vel
805 396 944 418 humanitatis
957 398 1018 420 cultu

287 432 321 454 vel
339 432 382 453 situ
402 431 500 453 locorum
518 430 546 452 ad
562 438 601 452 nos
622 431 709 460 propius
729 430 829 452 accedere
847 429 960 452 videantur
976 431 1017 462 (4)

316 504 405 526 Ineunte
422 503 463 525 hoc
478 508 551 525 nostro
561 503 645 525 saeculo
657 503 739 532 primns
750 503 840 532 Magnus
852 502 958 525 Badarum
969 503 1018 526 Dux

286 537 375 559 Carolus
383 537 504 559 Fridericus
514 537 607 566 antiquis
616 537 698 565 legibus
706 537 784 566 quibus
792 537 906 559 Germania
916 537 940 558 in
949 538 1019 559 crimi-

286 578 339 592 num
348 570 416 591 causis
428 570 455 591 ab
467 575 536 591 aetate
550 569 621 591 Caroli
633 569 710 597 Quinti
720 577 757 591 usa
769 575 825 598 erat,
836 568 915 591 Edicto
924 570 1018 598 generali

285 602 397 631 derogavit
408 602 525 632 eodemque
535 610 592 624 anno
601 602 699 624 austriae
710 603 827 631 Imperator
839 602 963 624 Franciscus
973 610 1018 624 om-

286 636 349 657 nibus
360 636 402 657 suis
414 635 529 664 provinciis
543 642 624 657 novum
640 640 662 656 et
675 643 811 657 communem
823 635 882 656 suris
895 635 1018 657 Criminalia

286 667 389 695 Codicem
395 668 536 696 praescripsit,
543 675 587 698 quo
596 668 717 697 nuperrime
726 668 782 690 cives
790 675 875 698 quoque
885 668 945 696 regni
953 668 1016 689 Lom-

285 700 443 722 bardo-Veneti
459 700 549 729 obligati
564 706 615 722 sunt
629 706 651 722 et
666 701 706 722 soli
722 709 747 722 ex
761 701 818 722 illius
834 701 919 730 imperii
932 701 1017 730 populis

284 733 384 762 Hungari
393 741 437 755 non
447 738 553 756 tenentur.
563 733 613 755 Mox
622 734 687 755 etiam
694 733 834 755 Bor-uasorum
844 734 887 756 Rex
897 741 976 756 novum
985 734 1022 762 ju-.

286 766 392 788 diciorum
400 766 546 795 criminalium·
553 766 652 788 ordInem
662 767 742 795 sanxit,
750 766 909 796 poenarumque
915 766 1018 788 Codicem

286 800 404 821 sanciturus
414 804 473 827 erat,
489 807 538 820 cum
553 800 614 827 regni
628 800 661 821 sui
675 799 795 821 calamitate
810 799 838 821 ab
853 799 894 821 hoc
909 800 1018 828 proposito

287 838 417 854 avocaretur.
427 832 503 854 Postea
509 832 564 861 leges
571 831 696 854 domesticas
704 833 771 861 magis
778 840 842 862 quam
852 831 939 854 aliunde
943 832 1018 854 allatas

287 867 309 888 in
319 866 386 888 causis
398 865 543 887 criminalibus
553 865 681 887 Hollandiae
693 866 790 894 Regnum
802 866 893 895 accepit,
904 869 1018 895 postquam

285 900 328 928 jam
341 899 379 920 Rei
390 898 490 920 Publicae
506 899 596 920 Batavae
609 898 755 920 Moderatores
769 898 873 920 Codicum
888 898 1018 920 lineamenta

285 932 351 960 duci,
366 940 432 962 eaque
449 940 502 962 quae
518 939 530 953 a
546 932 605 953 Viris
621 931 649 953 ad
665 931 705 954 hoc
723 933 833 960 negotium
851 932 973 954 convocatis
990 930 1018 952 ad

286 965 396 987 doctrinae
407 972 470 986 usum
485 965 555 993 potius
572 965 703 993 conscripta,
720 972 784 994 quam
800 970 824 986 ut
837 964 888 993 legis
901 965 944 986 vim
959 963 1016 985 obti-

285 1004 361 1020 nerent
370 1004 442 1027 rogata
453 994 592 1026 videbantur,
602 999 684 1028 publici
694 1007 700 1028 J
705 999 746 1020 uris
755 998 802 1020 fieri
811 1000 921 1028 jusserant.
933 997 1017 1019 Eodem

287 1032 330 1053 sere
347 1037 441 1060 tempore
454 1032 477 1053 iu
495 1032 583 1061 imperio
602 1032 782 1053 Franco-Gallico
799 1037 847 1060 post
866 1031 944 1053 multas
960 1031 1018 1052 Juris

287 1064 410 1086 criminalis
421 1064 576 1086 vicissitudines
587 1065 638 1086 novi
649 1072 765 1094 poenarum
777 1069 799 1086 et
808 1064 923 1085 criminum
928 1062 1017 1085 Codices

286 1097 357 1125 scripti
371 1102 432 1125 sunt,
445 1098 482 1126 qni
494 1098 516 1119 in
531 1098 630 1119 omnibus
646 1098 724 1127 quibus
737 1096 803 1118 hodie.
816 1104 905 1125 regnum
919 1101 1017 1118 nostrum

287 1135 371 1152 constat
386 1130 519 1159 regionibus,
531 1130 595 1153 simul
607 1130 679 1159 legum
694 1130 738 1152 vim
752 1130 903 1158 obtinuerunt,
915 1135 937 1151 et
952 1129 1018 1151 maxi-
