<?xml version="1.0" encoding="UTF-8"?>
<!DOCTYPE html PUBLIC "-//W3C//DTD XHTML 1.0 Transitional//EN"
    "http://www.w3.org/TR/xhtml1/DTD/xhtml1-transitional.dtd">
<html xmlns="http://www.w3.org/1999/xhtml" xml:lang="en" lang="en">
 <head>
  <title>
</title>
<meta http-equiv="Content-Type" content="text/html;charset=utf-8" />
  <meta name='ocr-system' content='tesseract 3.04.00' />
  <meta name='ocr-capabilities' content='ocr_page ocr_carea ocr_par ocr_line ocrx_word'/>
</head>
<body>
  <div class='ocr_page' id='page_1' title='image "annalesacademia04goog_0077.png"; bbox 0 0 1142 1498; ppageno 0'>
   <div class='ocr_carea' id='block_1_1' title="bbox 457 176 863 207">
    <p class='ocr_par' dir='ltr' id='par_1_1' title="bbox 457 176 863 207">
     <span class='ocr_line' id='line_1_1' title="bbox 457 176 863 207; baseline 0 -9"><span class='ocrx_word' id='word_1_1' title='bbox 457 176 540 200; x_wconf 76' lang='lat' dir='ltr'>Oumo.</span> <span class='ocrx_word' id='word_1_2' title='bbox 847 186 863 207; x_wconf 86' lang='lat'>9</span> 
     </span>
    </p>
   </div>
   <div class='ocr_carea' id='block_1_2' title="bbox 133 232 863 455">
    <p class='ocr_par' dir='ltr' id='par_1_2' title="bbox 133 232 863 455">
     <span class='ocr_line' id='line_1_2' title="bbox 134 232 863 265; baseline 0.007 -11"><span class='ocrx_word' id='word_1_3' title='bbox 134 240 192 255; x_wconf 80' lang='lat' dir='ltr'>mam</span> <span class='ocrx_word' id='word_1_4' title='bbox 203 238 285 262; x_wconf 84' lang='lat' dir='ltr'>partem</span> <span class='ocrx_word' id='word_1_5' title='bbox 300 232 370 255; x_wconf 80' lang='lat' dir='ltr'>adhuc</span> <span class='ocrx_word' id='word_1_6' title='bbox 384 232 441 262; x_wconf 87' lang='lat' dir='ltr'>apud</span> <span class='ocrx_word' id='word_1_7' title='bbox 454 241 490 255; x_wconf 84' lang='lat' dir='ltr'>nos</span> <span class='ocrx_word' id='word_1_8' title='bbox 505 233 603 256; x_wconf 80' lang='lat' dir='ltr'>servandi</span> <span class='ocrx_word' id='word_1_9' title='bbox 614 239 674 263; x_wconf 79' lang='lat' dir='ltr'>sunt,</span> <span class='ocrx_word' id='word_1_10' title='bbox 684 241 768 264; x_wconf 80' lang='lat' dir='ltr'>praeter</span> <span class='ocrx_word' id='word_1_11' title='bbox 779 237 863 265; x_wconf 76' lang='lat' dir='ltr'>singula</span> 
     </span>
     <span class='ocr_line' id='line_1_3' title="bbox 135 265 862 298; baseline 0.006 -11"><span class='ocrx_word' id='word_1_12' title='bbox 135 266 238 296; x_wconf 80' lang='lat' dir='ltr'><strong>quaedam</strong></span> <span class='ocrx_word' id='word_1_13' title='bbox 251 266 303 295; x_wconf 78' lang='lat' dir='ltr'>juris</span> <span class='ocrx_word' id='word_1_14' title='bbox 315 265 393 287; x_wconf 85' lang='lat' dir='ltr'>Gallici</span> <span class='ocrx_word' id='word_1_15' title='bbox 408 272 518 295; x_wconf 85' lang='lat' dir='ltr'>praecepta</span> <span class='ocrx_word' id='word_1_16' title='bbox 533 272 597 296; x_wconf 82' lang='lat' dir='ltr'>atque</span> <span class='ocrx_word' id='word_1_17' title='bbox 611 268 708 289; x_wconf 83' lang='lat' dir='ltr'>instituta</span> <span class='ocrx_word' id='word_1_18' title='bbox 723 276 778 298; x_wconf 90' lang='lat' dir='ltr'>quae</span> <span class='ocrx_word' id='word_1_19' title='bbox 791 270 824 291; x_wconf 85' lang='lat' dir='ltr'>vel</span> <span class='ocrx_word' id='word_1_20' title='bbox 840 271 862 291; x_wconf 87' lang='lat' dir='ltr'>in</span> 
     </span>
     <span class='ocr_line' id='line_1_4' title="bbox 133 299 862 329; baseline 0.005 -9"><span class='ocrx_word' id='word_1_21' title='bbox 133 299 233 321; x_wconf 87' lang='lat' dir='ltr'>omnibus</span> <span class='ocrx_word' id='word_1_22' title='bbox 249 299 308 327; x_wconf 78' lang='lat' dir='ltr'>regni</span> <span class='ocrx_word' id='word_1_23' title='bbox 322 299 418 328; x_wconf 82' lang='lat' dir='ltr'>partibus</span> <span class='ocrx_word' id='word_1_24' title='bbox 432 306 469 327; x_wconf 88' lang='lat' dir='ltr'>per</span> <span class='ocrx_word' id='word_1_25' title='bbox 480 299 535 327; x_wconf 80' lang='lat' dir='ltr'>leges</span> <span class='ocrx_word' id='word_1_26' title='bbox 551 305 572 321; x_wconf 87' lang='lat' dir='ltr'>et</span> <span class='ocrx_word' id='word_1_27' title='bbox 585 299 655 322; x_wconf 85' lang='lat' dir='ltr'>edicta</span> <span class='ocrx_word' id='word_1_28' title='bbox 667 301 781 329; x_wconf 79' lang='lat' dir='ltr'>singularia</span> <span class='ocrx_word' id='word_1_29' title='bbox 793 302 827 324; x_wconf 83' lang='lat' dir='ltr'>vel</span> <span class='ocrx_word' id='word_1_30' title='bbox 840 303 862 324; x_wconf 83' lang='lat' dir='ltr'>in</span> 
     </span>
     <span class='ocr_line' id='line_1_5' title="bbox 134 331 863 361; baseline 0.005 -8"><span class='ocrx_word' id='word_1_31' title='bbox 134 331 248 361; x_wconf 85' lang='lat' dir='ltr'>provinciis</span> <span class='ocrx_word' id='word_1_32' title='bbox 264 332 308 360; x_wconf 88' lang='lat' dir='ltr'>ejus</span> <span class='ocrx_word' id='word_1_33' title='bbox 322 332 521 360; x_wconf 78' lang='lat' dir='ltr'>septentrionalibus</span> <span class='ocrx_word' id='word_1_34' title='bbox 535 340 571 361; x_wconf 86' lang='lat' dir='ltr'>per</span> <span class='ocrx_word' id='word_1_35' title='bbox 586 333 682 361; x_wconf 84' lang='lat' dir='ltr'>generale</span> <span class='ocrx_word' id='word_1_36' title='bbox 692 333 747 355; x_wconf 88' lang='lat' dir='ltr'>illud</span> <span class='ocrx_word' id='word_1_37' title='bbox 759 333 863 357; x_wconf 86' lang='lat' dir='ltr'>Edictum</span> 
     </span>
     <span class='ocr_line' id='line_1_6' title="bbox 134 363 863 394; baseline 0.005 -9"><span class='ocrx_word' id='word_1_38' title='bbox 134 365 234 392; x_wconf 82' lang='lat' dir='ltr'>abrogata</span> <span class='ocrx_word' id='word_1_39' title='bbox 248 369 310 390; x_wconf 83' lang='lat' dir='ltr'>sunt,</span> <span class='ocrx_word' id='word_1_40' title='bbox 327 363 385 394; x_wconf 85' lang='lat' dir='ltr'>quod</span> <span class='ocrx_word' id='word_1_41' title='bbox 402 370 450 393; x_wconf 87' lang='lat' dir='ltr'>post</span> <span class='ocrx_word' id='word_1_42' title='bbox 465 364 547 386; x_wconf 83' lang='lat' dir='ltr'>finitam</span> <span class='ocrx_word' id='word_1_43' title='bbox 562 366 585 386; x_wconf 78' lang='lat' dir='ltr'>in</span> <span class='ocrx_word' id='word_1_44' title='bbox 601 366 626 387; x_wconf 86' lang='lat' dir='ltr'>iis</span> <span class='ocrx_word' id='word_1_45' title='bbox 641 367 702 388; x_wconf 79' lang='lat' dir='ltr'>terris</span> <span class='ocrx_word' id='word_1_46' title='bbox 716 367 863 389; x_wconf 80' lang='lat' dir='ltr'>Franoo-Gal-</span> 
     </span>
     <span class='ocr_line' id='line_1_7' title="bbox 136 396 861 428; baseline 0.006 -10"><span class='ocrx_word' id='word_1_47' title='bbox 136 398 205 419; x_wconf 84' lang='lat' dir='ltr'>lorum</span> <span class='ocrx_word' id='word_1_48' title='bbox 218 396 386 418; x_wconf 82' lang='lat' dir='ltr'>dominationem</span> <span class='ocrx_word' id='word_1_49' title='bbox 399 403 532 426; x_wconf 81' lang='lat' dir='ltr'>recuperatae</span> <span class='ocrx_word' id='word_1_50' title='bbox 543 398 647 420; x_wconf 82' lang='lat' dir='ltr'>libertatis</span> <span class='ocrx_word' id='word_1_51' title='bbox 658 398 745 421; x_wconf 79' lang='lat' dir='ltr'>laetatio</span> <span class='ocrx_word' id='word_1_52' title='bbox 758 401 861 428; x_wconf 82' lang='lat' dir='ltr'>suggessit</span> 
     </span>
     <span class='ocr_line' id='line_1_8' title="bbox 135 429 822 455; baseline 0.003 -3"><span class='ocrx_word' id='word_1_53' title='bbox 135 435 154 452; x_wconf 86' lang='lat' dir='ltr'>et</span> <span class='ocrx_word' id='word_1_54' title='bbox 168 429 334 451; x_wconf 79' lang='lat' dir='ltr'>domesticarum</span> <span class='ocrx_word' id='word_1_55' title='bbox 348 430 508 451; x_wconf 81' lang='lat' dir='ltr'>institutionum</span> <span class='ocrx_word' id='word_1_56' title='bbox 524 431 671 452; x_wconf 82' lang='lat' dir='ltr'>resuscitatum</span> <span class='ocrx_word' id='word_1_57' title='bbox 686 430 822 455; x_wconf 64' lang='lat' dir='ltr'>desiderium.</span> 
     </span>
    </p>
   </div>
   <div class='ocr_carea' id='block_1_3' title="bbox 102 470 864 1127">
    <p class='ocr_par' dir='ltr' id='par_1_3' title="bbox 102 470 864 1127">
     <span class='ocr_line' id='line_1_9' title="bbox 162 470 862 496; baseline 0.004 -3"><span class='ocrx_word' id='word_1_58' title='bbox 162 471 230 493; x_wconf 85' lang='lat' dir='ltr'>Paulo</span> <span class='ocrx_word' id='word_1_59' title='bbox 245 476 294 492; x_wconf 81' lang='lat' dir='ltr'>ante</span> <span class='ocrx_word' id='word_1_60' title='bbox 306 470 347 492; x_wconf 84' lang='lat' dir='ltr'>hoc</span> <span class='ocrx_word' id='word_1_61' title='bbox 359 470 462 492; x_wconf 87' lang='lat' dir='ltr'>Edictum</span> <span class='ocrx_word' id='word_1_62' title='bbox 475 471 558 492; x_wconf 81' lang='lat' dir='ltr'>Batavis</span> <span class='ocrx_word' id='word_1_63' title='bbox 571 470 645 493; x_wconf 79' lang='lat' dir='ltr'>datum</span> <span class='ocrx_word' id='word_1_64' title='bbox 657 472 696 493; x_wconf 83' lang='lat' dir='ltr'>Jus</span> <span class='ocrx_word' id='word_1_65' title='bbox 710 472 827 495; x_wconf 84' lang='lat' dir='ltr'>Crimiuale</span> <span class='ocrx_word' id='word_1_66' title='bbox 840 475 862 496; x_wconf 90' lang='lat' dir='ltr'>in</span> 
     </span>
     <span class='ocr_line' id='line_1_10' title="bbox 135 504 863 534; baseline 0.003 -7"><span class='ocrx_word' id='word_1_67' title='bbox 135 505 221 527; x_wconf 75' lang='lat' dir='ltr'>Bavaria</span> <span class='ocrx_word' id='word_1_68' title='bbox 232 511 317 533; x_wconf 86' lang='lat' dir='ltr'>quoque</span> <span class='ocrx_word' id='word_1_69' title='bbox 327 504 465 525; x_wconf 81' lang='lat' dir='ltr'>reformatum</span> <span class='ocrx_word' id='word_1_70' title='bbox 476 509 513 525; x_wconf 87' lang='lat' dir='ltr'>est.</span> <span class='ocrx_word' id='word_1_71' title='bbox 525 504 639 534; x_wconf 84' lang='lat' dir='ltr'>Postquam</span> <span class='ocrx_word' id='word_1_72' title='bbox 650 505 707 526; x_wconf 86' lang='lat' dir='ltr'>enim</span> <span class='ocrx_word' id='word_1_73' title='bbox 716 506 863 530; x_wconf 9' lang='lat' dir='ltr'>iniGermania</span> 
     </span>
     <span class='ocr_line' id='line_1_11' title="bbox 136 535 863 568; baseline 0.003 -9"><span class='ocrx_word' id='word_1_74' title='bbox 136 543 198 567; x_wconf 80' lang='lat' dir='ltr'>atque</span> <span class='ocrx_word' id='word_1_75' title='bbox 209 535 380 558; x_wconf 83' lang='lat' dir='ltr'>Franco-Gallia</span> <span class='ocrx_word' id='word_1_76' title='bbox 392 536 441 558; x_wconf 84' lang='lat' dir='ltr'>Viri</span> <span class='ocrx_word' id='word_1_77' title='bbox 456 536 613 558; x_wconf 75' lang='lat' dir='ltr'>consultissimi</span> <span class='ocrx_word' id='word_1_78' title='bbox 624 544 663 565; x_wconf 91' lang='lat' dir='ltr'>pro</span> <span class='ocrx_word' id='word_1_79' title='bbox 675 537 712 559; x_wconf 75' lang='lat' dir='ltr'>illa</span> <span class='ocrx_word' id='word_1_80' title='bbox 722 543 778 560; x_wconf 75' lang='lat' dir='ltr'>terra</span> <span class='ocrx_word' id='word_1_81' title='bbox 790 539 863 568; x_wconf 87' lang='lat' dir='ltr'>legum</span> 
     </span>
     <span class='ocr_line' id='line_1_12' title="bbox 135 568 864 602; baseline 0.003 -10"><span class='ocrx_word' id='word_1_82' title='bbox 135 569 275 592; x_wconf 81' lang='lat' dir='ltr'>criminalium</span> <span class='ocrx_word' id='word_1_83' title='bbox 286 568 375 590; x_wconf 79' lang='lat' dir='ltr'>Codices</span> <span class='ocrx_word' id='word_1_84' title='bbox 387 568 493 590; x_wconf 86' lang='lat' dir='ltr'>scribendi</span> <span class='ocrx_word' id='word_1_85' title='bbox 505 569 622 598; x_wconf 83' lang='lat' dir='ltr'>periculum</span> <span class='ocrx_word' id='word_1_86' title='bbox 634 570 737 599; x_wconf 78' lang='lat' dir='ltr'>fecerant,</span> <span class='ocrx_word' id='word_1_87' title='bbox 750 571 786 593; x_wconf 90' lang='lat' dir='ltr'>ille</span> <span class='ocrx_word' id='word_1_88' title='bbox 799 580 864 602; x_wconf 86' lang='lat' dir='ltr'>quem</span> 
     </span>
     <span class='ocr_line' id='line_1_13' title="bbox 134 601 862 633; baseline 0.001 -8"><span class='ocrx_word' id='word_1_89' title='bbox 134 603 217 632; x_wconf 69' lang='lat' dir='ltr'>xcripsit</span> <span class='ocrx_word' id='word_1_90' title='bbox 229 602 362 624; x_wconf 74' lang='lat' dir='ltr'>Clarissimus</span> <span class='ocrx_word' id='word_1_91' title='bbox 368 601 491 623; x_wconf 82' lang='lat' dir='ltr'>Fenerbach</span> <span class='ocrx_word' id='word_1_92' title='bbox 501 602 632 623; x_wconf 82' lang='lat' dir='ltr'>sanctionem</span> <span class='ocrx_word' id='word_1_93' title='bbox 642 603 720 631; x_wconf 78' lang='lat' dir='ltr'>regiam</span> <span class='ocrx_word' id='word_1_94' title='bbox 728 604 862 633; x_wconf 85' lang='lat' dir='ltr'>impetravit,</span> 
     </span>
     <span class='ocr_line' id='line_1_14' title="bbox 133 634 859 663; baseline 0.001 -5"><span class='ocrx_word' id='word_1_95' title='bbox 133 642 154 658; x_wconf 83' lang='lat' dir='ltr'>et</span> <span class='ocrx_word' id='word_1_96' title='bbox 165 635 306 657; x_wconf 86' lang='lat' dir='ltr'>Maximiliaui</span> <span class='ocrx_word' id='word_1_97' title='bbox 318 634 405 663; x_wconf 74' lang='lat' dir='ltr'>Josephi</span> <span class='ocrx_word' id='word_1_98' title='bbox 417 635 515 663; x_wconf 78' lang='lat' dir='ltr'>auspiciis</span> <span class='ocrx_word' id='word_1_99' title='bbox 530 635 678 663; x_wconf 76' lang='lat' dir='ltr'>promulgatus</span> <span class='ocrx_word' id='word_1_100' title='bbox 693 641 724 657; x_wconf 81' lang='lat' dir='ltr'>est</span> <span class='ocrx_word' id='word_1_101' title='bbox 739 636 859 659; x_wconf 79' lang='lat' dir='ltr'>celebratis-</span> 
     </span>
     <span class='ocr_line' id='line_1_15' title="bbox 134 667 861 697; baseline 0.001 -6"><span class='ocrx_word' id='word_1_102' title='bbox 134 670 199 691; x_wconf 75' lang='lat' dir='ltr'>simus</span> <span class='ocrx_word' id='word_1_103' title='bbox 214 668 250 690; x_wconf 83' lang='lat' dir='ltr'>ille</span> <span class='ocrx_word' id='word_1_104' title='bbox 264 667 351 696; x_wconf 82' lang='lat' dir='ltr'>Codex,</span> <span class='ocrx_word' id='word_1_105' title='bbox 366 675 429 697; x_wconf 87' lang='lat' dir='ltr'>quem</span> <span class='ocrx_word' id='word_1_106' title='bbox 445 675 501 689; x_wconf 87' lang='lat' dir='ltr'>auno</span> <span class='ocrx_word' id='word_1_107' title='bbox 516 668 636 697; x_wconf 82' lang='lat' dir='ltr'>insequenti</span> <span class='ocrx_word' id='word_1_108' title='bbox 652 668 695 689; x_wconf 82' lang='lat' dir='ltr'>fere</span> <span class='ocrx_word' id='word_1_109' title='bbox 706 669 813 697; x_wconf 85' lang='lat' dir='ltr'>integrum</span> <span class='ocrx_word' id='word_1_110' title='bbox 827 678 861 692; x_wconf 92' lang='lat' dir='ltr'>re-</span> 
     </span>
     <span class='ocr_line' id='line_1_16' title="bbox 102 700 861 731; baseline 0 -7"><span class='ocrx_word' id='word_1_111' title='bbox 102 701 104 703; x_wconf 40' lang='lat'><em>*</em></span> <span class='ocrx_word' id='word_1_112' title='bbox 134 702 188 731; x_wconf 84' lang='lat' dir='ltr'>cepit</span> <span class='ocrx_word' id='word_1_113' title='bbox 203 702 226 722; x_wconf 89' lang='lat' dir='ltr'>in</span> <span class='ocrx_word' id='word_1_114' title='bbox 239 701 317 723; x_wconf 82' lang='lat' dir='ltr'>vicinia</span> <span class='ocrx_word' id='word_1_115' title='bbox 331 706 403 722; x_wconf 82' lang='lat' dir='ltr'>nostra</span> <span class='ocrx_word' id='word_1_116' title='bbox 417 701 467 722; x_wconf 83' lang='lat' dir='ltr'>Dux</span> <span class='ocrx_word' id='word_1_117' title='bbox 481 700 663 729; x_wconf 80' lang='lat' dir='ltr'>Oldenburgensis</span> <span class='ocrx_word' id='word_1_118' title='bbox 679 706 743 731; x_wconf 81' lang='lat' dir='ltr'>atque</span> <span class='ocrx_word' id='word_1_119' title='bbox 757 710 797 731; x_wconf 83' lang='lat' dir='ltr'>pro</span> <span class='ocrx_word' id='word_1_120' title='bbox 815 703 861 731; x_wconf 78' lang='lat' dir='ltr'>lege</span> 
     </span>
     <span class='ocr_line' id='line_1_17' title="bbox 134 733 862 764; baseline 0.003 -8"><span class='ocrx_word' id='word_1_121' title='bbox 134 736 156 757; x_wconf 90' lang='lat' dir='ltr'>in</span> <span class='ocrx_word' id='word_1_122' title='bbox 165 735 253 756; x_wconf 82' lang='lat' dir='ltr'>Ducatn</span> <span class='ocrx_word' id='word_1_123' title='bbox 263 742 301 756; x_wconf 82' lang='lat' dir='ltr'>suo</span> <span class='ocrx_word' id='word_1_124' title='bbox 312 734 389 756; x_wconf 82' lang='lat' dir='ltr'>servari</span> <span class='ocrx_word' id='word_1_125' title='bbox 399 734 467 762; x_wconf 85' lang='lat' dir='ltr'>jussit.</span> <span class='ocrx_word' id='word_1_126' title='bbox 478 733 523 755; x_wconf 90' lang='lat' dir='ltr'>Nec</span> <span class='ocrx_word' id='word_1_127' title='bbox 533 741 577 755; x_wconf 82' lang='lat' dir='ltr'>uon</span> <span class='ocrx_word' id='word_1_128' title='bbox 589 733 615 756; x_wconf 89' lang='lat' dir='ltr'>ad</span> <span class='ocrx_word' id='word_1_129' title='bbox 628 733 718 756; x_wconf 77' lang='lat' dir='ltr'>aliorum</span> <span class='ocrx_word' id='word_1_130' title='bbox 731 735 862 764; x_wconf 84' lang='lat' dir='ltr'>populorum</span> 
     </span>
     <span class='ocr_line' id='line_1_18' title="bbox 134 766 861 797; baseline 0.001 -8"><span class='ocrx_word' id='word_1_131' title='bbox 134 769 167 797; x_wconf 79' lang='lat' dir='ltr'>jus</span> <span class='ocrx_word' id='word_1_132' title='bbox 190 767 272 797; x_wconf 77' lang='lat' dir='ltr'>aliquid</span> <span class='ocrx_word' id='word_1_133' title='bbox 291 768 396 789; x_wconf 85' lang='lat' dir='ltr'>momenti</span> <span class='ocrx_word' id='word_1_134' title='bbox 416 766 494 788; x_wconf 77' lang='lat' dir='ltr'>adtulit</span> <span class='ocrx_word' id='word_1_135' title='bbox 514 766 587 788; x_wconf 80' lang='lat' dir='ltr'>Codex</span> <span class='ocrx_word' id='word_1_136' title='bbox 604 766 726 788; x_wconf 78' lang='lat' dir='ltr'>criminalis</span> <span class='ocrx_word' id='word_1_137' title='bbox 745 768 844 790; x_wconf 83' lang='lat' dir='ltr'>Bavariae</span> <span class='ocrx_word' id='word_1_138' title='bbox 854 784 861 797; x_wconf 88' lang='lat'>,</span> 
     </span>
     <span class='ocr_line' id='line_1_19' title="bbox 135 800 862 831; baseline 0.001 -9"><span class='ocrx_word' id='word_1_139' title='bbox 135 808 224 831; x_wconf 81' lang='lat' dir='ltr'>eumque</span> <span class='ocrx_word' id='word_1_140' title='bbox 242 801 338 822; x_wconf 84' lang='lat' dir='ltr'>omnium</span> <span class='ocrx_word' id='word_1_141' title='bbox 358 805 431 822; x_wconf 83' lang='lat' dir='ltr'>nostra</span> <span class='ocrx_word' id='word_1_142' title='bbox 449 805 517 821; x_wconf 82' lang='lat' dir='ltr'>aetate</span> <span class='ocrx_word' id='word_1_143' title='bbox 535 800 664 821; x_wconf 77' lang='lat' dir='ltr'>sancitorum</span> <span class='ocrx_word' id='word_1_144' title='bbox 681 800 862 823; x_wconf 76' lang='lat' dir='ltr'>absolutissimum</span> 
     </span>
     <span class='ocr_line' id='line_1_20' title="bbox 135 832 862 863; baseline 0.001 -8"><span class='ocrx_word' id='word_1_145' title='bbox 135 841 200 862; x_wconf 84' lang='lat' dir='ltr'>nuper</span> <span class='ocrx_word' id='word_1_146' title='bbox 210 833 330 862; x_wconf 84' lang='lat' dir='ltr'>praedicare</span> <span class='ocrx_word' id='word_1_147' title='bbox 343 841 386 854; x_wconf 89' lang='lat' dir='ltr'>non</span> <span class='ocrx_word' id='word_1_148' title='bbox 399 832 505 855; x_wconf 86' lang='lat' dir='ltr'>dubitavit</span> <span class='ocrx_word' id='word_1_149' title='bbox 518 833 679 854; x_wconf 87' lang='lat' dir='ltr'>Jureconsultus</span> <span class='ocrx_word' id='word_1_150' title='bbox 691 833 788 860; x_wconf 69' lang='lat' dir='ltr'>Bavomr,</span> <span class='ocrx_word' id='word_1_151' title='bbox 800 835 862 863; x_wconf 83' lang='lat' dir='ltr'>cujus</span> 
     </span>
     <span class='ocr_line' id='line_1_21' title="bbox 134 866 862 894; baseline 0 -6"><span class='ocrx_word' id='word_1_152' title='bbox 134 868 155 888; x_wconf 91' lang='lat' dir='ltr'>in</span> <span class='ocrx_word' id='word_1_153' title='bbox 168 866 334 888; x_wconf 74' lang='lat' dir='ltr'>Franco-Gallia</span> <span class='ocrx_word' id='word_1_154' title='bbox 348 874 392 887; x_wconf 86' lang='lat' dir='ltr'>non</span> <span class='ocrx_word' id='word_1_155' title='bbox 404 866 503 894; x_wconf 83' lang='lat' dir='ltr'>exiguum</span> <span class='ocrx_word' id='word_1_156' title='bbox 518 873 596 887; x_wconf 84' lang='lat' dir='ltr'>nomeu</span> <span class='ocrx_word' id='word_1_157' title='bbox 613 871 650 887; x_wconf 82' lang='lat' dir='ltr'>est.</span> <span class='ocrx_word' id='word_1_158' title='bbox 666 866 725 894; x_wconf 86' lang='lat' dir='ltr'>Quot</span> <span class='ocrx_word' id='word_1_159' title='bbox 739 874 790 888; x_wconf 87' lang='lat' dir='ltr'>vero</span> <span class='ocrx_word' id='word_1_160' title='bbox 805 866 862 888; x_wconf 84' lang='lat' dir='ltr'>diffi-</span> 
     </span>
     <span class='ocr_line' id='line_1_22' title="bbox 134 898 862 928; baseline 0 -7"><span class='ocrx_word' id='word_1_161' title='bbox 134 899 247 921; x_wconf 78' lang='lat' dir='ltr'>cultatibus</span> <span class='ocrx_word' id='word_1_162' title='bbox 261 907 274 920; x_wconf 92' lang='lat' dir='ltr'>a</span> <span class='ocrx_word' id='word_1_163' title='bbox 290 906 346 920; x_wconf 84' lang='lat' dir='ltr'>novo</span> <span class='ocrx_word' id='word_1_164' title='bbox 361 898 401 920; x_wconf 85' lang='lat' dir='ltr'>hoc</span> <span class='ocrx_word' id='word_1_165' title='bbox 416 899 438 920; x_wconf 90' lang='lat' dir='ltr'>in</span> <span class='ocrx_word' id='word_1_166' title='bbox 453 899 541 920; x_wconf 82' lang='lat' dir='ltr'>Bavaria</span> <span class='ocrx_word' id='word_1_167' title='bbox 557 899 674 920; x_wconf 79' lang='lat' dir='ltr'>constituto</span> <span class='ocrx_word' id='word_1_168' title='bbox 692 900 739 927; x_wconf 80' lang='lat' dir='ltr'>jure</span> <span class='ocrx_word' id='word_1_169' title='bbox 753 899 862 928; x_wconf 81' lang='lat' dir='ltr'>implicata</span> 
     </span>
     <span class='ocr_line' id='line_1_23' title="bbox 134 930 860 961; baseline -0.001 -7"><span class='ocrx_word' id='word_1_170' title='bbox 134 932 198 954; x_wconf 80' lang='lat' dir='ltr'>fuerit</span> <span class='ocrx_word' id='word_1_171' title='bbox 215 933 259 961; x_wconf 82' lang='lat' dir='ltr'>ipsa</span> <span class='ocrx_word' id='word_1_172' title='bbox 279 932 394 953; x_wconf 87' lang='lat' dir='ltr'>criminum</span> <span class='ocrx_word' id='word_1_173' title='bbox 411 931 483 959; x_wconf 79' lang='lat' dir='ltr'>actio,</span> <span class='ocrx_word' id='word_1_174' title='bbox 501 936 564 952; x_wconf 82' lang='lat' dir='ltr'>testes</span> <span class='ocrx_word' id='word_1_175' title='bbox 578 930 680 953; x_wconf 76' lang='lat' dir='ltr'>hahemus</span> <span class='ocrx_word' id='word_1_176' title='bbox 692 931 860 954; x_wconf 82' lang='lat' dir='ltr'>Constitutiones</span> 
     </span>
     <span class='ocr_line' id='line_1_24' title="bbox 133 962 859 994; baseline 0 -8"><span class='ocrx_word' id='word_1_177' title='bbox 133 964 232 987; x_wconf 78' lang='lat' dir='ltr'>Novellas</span> <span class='ocrx_word' id='word_1_178' title='bbox 248 972 312 994; x_wconf 85' lang='lat' dir='ltr'>quam</span> <span class='ocrx_word' id='word_1_179' title='bbox 326 962 439 993; x_wconf 78' lang='lat' dir='ltr'>plurimas,</span> <span class='ocrx_word' id='word_1_180' title='bbox 455 964 541 993; x_wconf 86' lang='lat' dir='ltr'>quaein</span> <span class='ocrx_word' id='word_1_181' title='bbox 558 964 597 985; x_wconf 83' lang='lat' dir='ltr'>illo</span> <span class='ocrx_word' id='word_1_182' title='bbox 613 964 687 993; x_wconf 79' lang='lat' dir='ltr'>Regno</span> <span class='ocrx_word' id='word_1_183' title='bbox 699 964 783 987; x_wconf 82' lang='lat' dir='ltr'>Codicis</span> <span class='ocrx_word' id='word_1_184' title='bbox 798 972 859 986; x_wconf 89' lang='lat' dir='ltr'>sanc-</span> 
     </span>
     <span class='ocr_line' id='line_1_25' title="bbox 134 996 861 1026; baseline -0.001 -7"><span class='ocrx_word' id='word_1_185' title='bbox 134 998 188 1019; x_wconf 86' lang='lat' dir='ltr'>tioni</span> <span class='ocrx_word' id='word_1_186' title='bbox 206 1002 364 1025; x_wconf 81' lang='lat' dir='ltr'>successerunt,</span> <span class='ocrx_word' id='word_1_187' title='bbox 384 996 412 1019; x_wconf 80' lang='lat' dir='ltr'>ad</span> <span class='ocrx_word' id='word_1_188' title='bbox 429 1004 510 1018; x_wconf 84' lang='lat' dir='ltr'>novum</span> <span class='ocrx_word' id='word_1_189' title='bbox 528 997 561 1026; x_wconf 84' lang='lat' dir='ltr'>jus</span> <span class='ocrx_word' id='word_1_190' title='bbox 578 996 612 1018; x_wconf 79' lang='lat' dir='ltr'>vel</span> <span class='ocrx_word' id='word_1_191' title='bbox 626 996 809 1026; x_wconf 83' lang='lat' dir='ltr'>interpretandum</span> <span class='ocrx_word' id='word_1_192' title='bbox 826 997 861 1019; x_wconf 88' lang='lat' dir='ltr'>vel</span> 
     </span>
     <span class='ocr_line' id='line_1_26' title="bbox 136 1030 860 1061; baseline -0.001 -8"><span class='ocrx_word' id='word_1_193' title='bbox 136 1031 292 1060; x_wconf 78' lang='lat' dir='ltr'>corrigendum.</span> <span class='ocrx_word' id='word_1_194' title='bbox 311 1032 380 1061; x_wconf 83' lang='lat' dir='ltr'>Atque</span> <span class='ocrx_word' id='word_1_195' title='bbox 397 1032 442 1060; x_wconf 88' lang='lat' dir='ltr'>ipse</span> <span class='ocrx_word' id='word_1_196' title='bbox 458 1030 510 1053; x_wconf 87' lang='lat' dir='ltr'>adeo</span> <span class='ocrx_word' id='word_1_197' title='bbox 526 1031 653 1059; x_wconf 85' lang='lat' dir='ltr'>legumlator</span> <span class='ocrx_word' id='word_1_198' title='bbox 664 1033 706 1060; x_wconf 77' lang='lat' dir='ltr'>jam</span> <span class='ocrx_word' id='word_1_199' title='bbox 719 1031 746 1053; x_wconf 81' lang='lat' dir='ltr'>de</span> <span class='ocrx_word' id='word_1_200' title='bbox 758 1036 805 1052; x_wconf 88' lang='lat' dir='ltr'>toto</span> <span class='ocrx_word' id='word_1_201' title='bbox 816 1031 860 1052; x_wconf 90' lang='lat' dir='ltr'>Co-</span> 
     </span>
     <span class='ocr_line' id='line_1_27' title="bbox 134 1064 862 1095; baseline -0.001 -9"><span class='ocrx_word' id='word_1_202' title='bbox 134 1064 179 1086; x_wconf 79' lang='lat' dir='ltr'>dice</span> <span class='ocrx_word' id='word_1_203' title='bbox 189 1064 321 1087; x_wconf 83' lang='lat' dir='ltr'>emendando</span> <span class='ocrx_word' id='word_1_204' title='bbox 332 1065 444 1093; x_wconf 79' lang='lat' dir='ltr'>cogitavit,</span> <span class='ocrx_word' id='word_1_205' title='bbox 453 1064 560 1094; x_wconf 86' lang='lat' dir='ltr'>aliumque</span> <span class='ocrx_word' id='word_1_206' title='bbox 570 1064 646 1086; x_wconf 80' lang='lat' dir='ltr'>confici</span> <span class='ocrx_word' id='word_1_207' title='bbox 656 1064 717 1093; x_wconf 74' lang='lat' dir='ltr'>jussit</span> <span class='ocrx_word' id='word_1_208' title='bbox 728 1065 766 1095; x_wconf 84' lang='lat' dir='ltr'>qni</span> <span class='ocrx_word' id='word_1_209' title='bbox 778 1070 798 1085; x_wconf 86' lang='lat' dir='ltr'>et</span> <span class='ocrx_word' id='word_1_210' title='bbox 808 1064 862 1093; x_wconf 83' lang='lat' dir='ltr'>prio-</span> 
     </span>
     <span class='ocr_line' id='line_1_28' title="bbox 135 1097 861 1127; baseline -0.001 -8"><span class='ocrx_word' id='word_1_211' title='bbox 135 1098 162 1119; x_wconf 87' lang='lat' dir='ltr'>ris</span> <span class='ocrx_word' id='word_1_212' title='bbox 175 1098 233 1119; x_wconf 79' lang='lat' dir='ltr'>vitiis</span> <span class='ocrx_word' id='word_1_213' title='bbox 244 1103 335 1127; x_wconf 78' lang='lat' dir='ltr'>careret,</span> <span class='ocrx_word' id='word_1_214' title='bbox 351 1103 372 1119; x_wconf 86' lang='lat' dir='ltr'>et</span> <span class='ocrx_word' id='word_1_215' title='bbox 385 1105 434 1119; x_wconf 83' lang='lat' dir='ltr'>cum</span> <span class='ocrx_word' id='word_1_216' title='bbox 447 1102 531 1119; x_wconf 81' lang='lat' dir='ltr'>mutato</span> <span class='ocrx_word' id='word_1_217' title='bbox 545 1097 612 1125; x_wconf 74' lang='lat' dir='ltr'>Regni</span> <span class='ocrx_word' id='word_1_218' title='bbox 625 1101 682 1119; x_wconf 79' lang='lat' dir='ltr'>statu</span> <span class='ocrx_word' id='word_1_219' title='bbox 694 1097 782 1126; x_wconf 85' lang='lat' dir='ltr'>publico</span> <span class='ocrx_word' id='word_1_220' title='bbox 795 1097 861 1126; x_wconf 85' lang='lat' dir='ltr'>magis</span> 
     </span>
    </p>
   </div>
   <div class='ocr_carea' id='block_1_4' title="bbox 136 1130 810 1182">
    <p class='ocr_par' dir='ltr' id='par_1_4' title="bbox 136 1130 810 1182">
     <span class='ocr_line' id='line_1_29' title="bbox 136 1130 255 1160; baseline 0 -8"><span class='ocrx_word' id='word_1_221' title='bbox 136 1130 255 1160; x_wconf 79' lang='lat' dir='ltr'>quadraret.</span> 
     </span>
     <span class='ocr_line' id='line_1_30' title="bbox 164 1159 810 1182; baseline -0.003 -1"><span class='ocrx_word' id='word_1_222' title='bbox 164 1159 222 1182; x_wconf 90' lang='lat' dir='ltr'><strong>VIII.</strong></span> <span class='ocrx_word' id='word_1_223' title='bbox 798 1166 810 1179; x_wconf 81' lang='lat'>2</span> 
     </span>
    </p>
   </div>
  </div>
 </body>
</html>
