1142 1498
263 182 276 204 5
515 180 535 202 J.
550 180 580 201 M.
589 179 622 201 'Fi
637 179 737 201 anaauu

257 239 326 267 nebit,
336 239 354 260 si
363 243 424 259 antea
435 238 457 259 in
468 235 591 259 auditorum
604 236 729 260 memoriam
740 243 877 264 revocavere,
889 237 987 266 publicae

257 271 445 294 animadversionis
462 270 585 292 necessitate
603 268 712 292 interdum
729 277 815 300 quoque
831 270 986 299 rempublicam

258 304 358 333 obligari.

286 370 360 391 Minus
375 369 448 399 itaque
462 368 515 391 mihi
529 367 649 390 timendum
663 375 706 389 esse
721 373 791 397 puto,
809 375 837 389 ne
855 368 924 397 ipsum
939 374 988 389 ora-

257 403 321 424 tionis
335 410 393 423 meae
406 407 555 430 argumentum
568 401 685 429 displiceat.
701 399 768 428 Quod
781 408 832 422 vero
848 401 939 422 maxime
953 407 988 422 me

256 435 373 456 sollicitum
386 434 462 463 habet,
474 433 529 456 illud
542 439 583 461 est,
595 433 653 463 quod
665 440 711 455 eam
723 432 809 454 dicendi
820 433 865 455 vim
878 438 900 454 et
915 434 990 455 ven‘ns-

257 473 324 490 tatem
339 467 392 489 mihi
407 466 477 489 deesse
491 467 573 495 sentio,
590 466 692 496 quasola
708 473 791 494 possem
806 473 861 495 quae
874 473 925 487 vera
940 470 990 487 sunt

257 501 356 522 omnihus
369 499 507 529 persuadere,
521 507 575 530 quae
588 507 639 521 vero
654 506 680 520 ex
694 506 766 520 rerum
780 498 940 520 tractandarum
954 506 991 519 na-

257 539 306 555 tura
321 533 408 555 fortasse
423 531 540 561 injucunda
554 529 700 560 videbunturJ
714 531 784 553 verbis
798 531 882 552 mollire
895 536 918 552 et
930 531 990 561 quasi

257 565 385 595 jucundiora
401 565 495 587 reddere.
513 564 574 593 Quae
589 572 621 586 res
637 572 663 586 eo
677 565 744 592 magis
759 571 793 585 me
812 563 876 585 hodie
893 571 989 585 commo-

257 606 307 620 vere
321 598 397 626 debet,
412 605 461 620 cum
474 603 507 619 tot
522 598 578 619 viros
593 597 704 625 dignitatis
718 596 830 625 splendore
844 602 866 618 et
881 595 991 618 doctrinae

259 633 327 660 gloria
341 638 484 661 praestantes,
497 633 566 662 cives,
583 632 675 661 hospites
690 632 794 661 plurimos
810 639 881 653 coram
895 639 930 652 me
943 638 992 653 con-

259 671 357 693 gregatos
371 665 492 694 conspicio,
504 672 557 694 quos
568 672 635 687 novae
648 665 789 686 institutionis
801 664 936 692 inauguratio
950 663 992 685 huo
1018 680 1021 682 Α

258 697 358 725 adduxit,
368 703 390 719 et
399 697 486 719 fortasse
496 696 601 726 ejusmodi
611 697 712 719 orationis
722 698 850 725 egspectatio
860 702 928 724 tenet,
937 704 991 726 quae

259 729 325 758 digna
335 730 363 751 sit
375 735 397 752 et
408 729 472 759 hujus
482 728 608 752 Academiae
619 729 731 758 splendore
742 734 765 751 et
774 728 865 758 duplicis
875 729 917 750 mei
928 729 992 750 officii

260 763 379 792 gravitate,
396 769 418 784 et
434 770 500 784 novae
516 763 657 784 institutionis
671 763 800 791 praestantia
816 767 838 783 et
854 762 992 784 celeberrimo

259 795 300 817 hoc
312 801 426 817 conventu.
439 795 512 817 Nolite
526 803 588 823 vero,
601 794 716 817 Auditores
727 795 874 823 Ornatissimi,
888 803 912 816 ex
924 795 992 824 splen-

259 828 312 850 dido
327 828 368 850 hoc
383 836 451 850 novae
465 829 495 850 rei
511 828 615 856 adparatu
627 828 707 856 ingenii
720 829 762 849 mei
778 828 839 849 dotes
854 833 992 856 computare,

259 869 299 883 nee
312 869 337 883 ex
352 861 475 883 auditorum
492 861 580 882 insolito
595 866 703 883 conventu
717 861 808 882 oratoris
823 860 931 882 insolitam
946 860 991 882 elo-

260 895 370 924 quentiam
387 899 512 922 exspectare.
531 894 617 922 Semper
631 894 688 915 enim
704 894 800 915 veritatis
816 893 903 923 quidem
921 894 993 923 inqui-

260 927 337 949 rendae
353 935 463 948 summum
480 926 534 948 mihi
548 926 645 947 studium
663 931 708 947 erat
720 942 726 954 ‚
741 926 877 956 eloquentiae
892 925 993 948 colendae

259 959 378 981 admodum
395 960 509 987 exiguum,
531 959 650 980 multorum
666 958 795 987 populorum
815 966 884 980 mores
905 959 991 980 iuvesti-

261 994 309 1021 gavi
321 999 343 1014 et
358 993 425 1021 leges⁷
437 992 538 1014 sermonis
551 999 601 1013 vero
617 992 744 1020 elegantiam
757 992 780 1013 iu
795 992 838 1021 ipsa
851 991 924 1022 lingua
939 999 993 1021 quae

261 1031 293 1047 est
308 1026 388 1054 patriae
405 1033 464 1047 meae
477 1025 494 1046 si
511 1024 599 1054 adsequi
615 1024 705 1053 vellem,
719 1033 754 1046 me
770 1024 811 1046 hoc
827 1032 871 1046 non
889 1032 991 1046 consecu-

262 1064 336 1080 turum
347 1066 389 1080 esse
399 1065 521 1087 persuasum
535 1057 611 1079 habeo.
622 1058 666 1079 Nec
677 1057 802 1079 eruditionis
814 1058 919 1086 specimen
932 1057 993 1079 edere

261 1091 301 1113 hac
317 1098 364 1112 mea
381 1091 477 1112 oratione
493 1090 530 1112 sed
548 1090 652 1120 quaedam
668 1095 753 1111 tantum
768 1096 854 1111 monere
873 1089 945 1118 volui,
964 1089 993 1112 ad

263 1132 317 1155 quae
328 1124 407 1145 Rerum
418 1123 556 1146 Publicarum
567 1122 712 1145 moderatores
721 1128 743 1144 et
752 1122 765 1145 J
767 1123 809 1144 uris
822 1122 938 1153 Doctrinae
949 1122 993 1144 cul-
