1142 1498
261 184 287 204 52
587 182 600 204 J
601 190 666 207 unium

291 240 363 262 Unum
380 239 485 261 duntaxat
500 239 529 261 ad
545 239 651 261 Ordinem
670 240 767 268 pervenit
787 247 925 268 responsnm;
943 239 993 262 hnic

260 273 407 302 epigraphium
423 278 469 294 erat
485 280 490 294 :
509 281 520 294 a
537 273 592 301 Quis
609 280 653 294 non
670 272 785 294 descendat
802 273 824 294 in
840 280 940 302 arenam,
956 274 995 295 nbi

259 306 316 328 vinci
331 307 396 328 etiam
412 306 529 335 gloriosum
544 305 592 328 est?
604 313 615 327 ν

288 364 301 385 J
303 363 397 386 udicavit
418 364 479 386 Ordo
500 369 610 386 auctorem
632 371 771 394 quaecunque
789 365 812 386 in
838 371 994 393 programmate

260 397 329 426 petita
342 402 413 424 erant,
429 396 589 426 adimplevisse,
600 397 710 418 materiam
718 397 806 426 penitus
818 405 867 418 eum
878 397 995 420 exhausisse

260 435 282 452 et
291 438 389 452 sermone
398 431 452 452 bene
463 430 562 452 technico
572 438 634 452 suum
645 430 830 452 Commentarium
837 432 994 460 conscripsissseq

258 471 323 494 quare
338 472 474 494 nequaquam
489 463 598 485 dubitavit
613 462 706 492 palmam
722 464 822 492 scriptori
837 471 880 485 esse
895 463 994 486 deferen-

258 497 323 526 dam;
338 502 410 526 aperta
425 496 530 519 Schedula
545 504 600 527 quae
616 504 742 525 responsum
758 497 944 519 concomitabatur
958 503 994 526 et,

258 531 357 552 instituto
373 529 433 561 quod
447 538 459 552 a
474 530 519 559 lege
534 530 686 559 praescribitur
697 530 804 558 examine,
814 536 950 559 compertum
964 536 995 552 est

259 569 369 586 auctorem
382 564 538 585 Commentarii
551 563 623 592 palma
636 562 732 584 donandi
747 571 790 585 esse

301 622 413 644 Anonratm
428 621 595 648 GREGOIRE,
611 629 635 642 ex
650 621 769 650 Gosselies,
782 621 805 642 in
821 621 949 650 Hannonia,

356 667 483 690 Medicinae
497 668 521 689 in
535 668 621 690 Nostra
636 660 755 690 Academici
769 668 899 690 Studiosum.

289 725 324 748 Ad
339 726 426 748 tertiam
441 726 536 756 denique
551 726 705 756 quaestionem.

289 792 300 806 ι(
315 784 385 806 Detur
399 790 496 806 accurata
511 784 626 814 descriptio
641 785 764 814 plantarum
778 785 916 807 officinalium
932 790 953 806 et
963 792 995 806 ve-

257 822 396 846 uenatarurn⁷
411 823 458 839 tum
475 817 682 846 phanerogamarum
697 823 744 840 tum
758 824 957 848 crypmgamarnm,
972 818 994 839 in

256 850 297 872 hac
322 851 408 879 regione
429 856 504 880 sponte
526 852 685 880 crescentium⁷
707 850 781 873 addita
802 860 876 873 earum
900 851 993 873 historia.

258 883 384 906 iudicentur
395 890 510 906 caracteres
520 885 638 914 praecipui,
650 890 694 907 tam
705 885 835 906 familiarum
847 893 911 914 quae,
923 890 994 906 nostra

258 922 341 946 aetate,
356 917 463 939 naturales
478 918 631 947 appellantur,
648 926 713 948 quam
730 917 829 939 classium
845 918 935 939 Linnaei
951 925 993 947 quo

257 950 394 979 referuntur5
412 949 491 972 deinde
508 950 650 972 ostendantur
667 951 820 980 proprietates,
839 950 881 972 loci
899 950 994 978 natales,

258 983 428 1005 inflorescentiae
445 989 543 1013 tempus,
558 992 607 1006 usus
623 984 702 1006 medici
719 990 740 1006 et
754 985 900 1012 oeconomici,
916 991 939 1005 ac
955 983 993 1009 de-

258 1018 324 1047 nique
339 1016 441 1039 doceatur
454 1018 532 1047 quibus
546 1018 596 1040 illae
611 1019 668 1040 notis
680 1018 780 1040 differant
792 1026 805 1040 a
817 1018 896 1047 plantis
909 1018 994 1048 quibus-

258 1058 308 1072 cum
321 1050 383 1072 facile
398 1055 486 1080 possunt
501 1050 614 1073 confundi.
630 1059 642 1073 ν

288 1109 341 1130 Tres
357 1107 514 1132 dissertationes
528 1110 662 1132 transmissae
678 1115 729 1132 sunt
741 1117 831 1139 quarum
846 1111 928 1139 primae
944 1109 994 1131 haec

258 1142 321 1164 verba
337 1142 484 1165 inscribuntur
495 1151 501 1164 τ
