1142 1498
448 166 534 188 Onnm.
607 182 609 184 ,
832 166 860 188 33

157 224 182 246 Iu
192 224 315 246 uuiversum
326 222 369 245 dici
381 230 441 252 posse
452 222 543 251 videtur,
553 223 619 251 magis
631 221 654 244 in
667 230 784 252 poenarum
793 224 859 245 causis

126 265 191 287 quam
205 258 228 278 in
243 257 285 278 alia
299 256 344 278 ulla
360 256 485 278 necessarias
500 263 543 277 esse
559 256 615 284 leges
624 272 630 284 7
645 261 667 277 et
682 255 738 285 apud
752 256 807 285 ipsos
822 264 859 285 po-

127 290 204 319 pulos,
221 290 259 319 qui
273 290 377 310 continuo
393 289 465 318 potius
481 289 547 310 tacito
561 289 660 310 omnium
676 296 779 310 consensu
795 296 859 319 quam

127 323 227 352 expressis
243 322 388 350 legumlatoris
403 322 505 349 suffragiis
522 323 555 350 jue
575 321 621 343 fieri
642 326 706 351 atque
725 322 801 350 corrigi
822 330 861 343 vo-

127 356 225 384 luerunt,
236 356 303 383 Leges
314 355 440 377 Criminnles
451 355 554 383 plurimas
565 356 655 377 sancitas
665 354 760 384 adeoque
769 354 859 376 subinde

128 388 213 418 publica
223 388 333 409 sanctione
342 393 430 409 cautum
442 395 485 409 esse
496 388 626 416 reperimus,
643 395 669 409 ne
681 387 743 409 aliter
757 394 782 409 ac
795 395 819 408 ex
833 388 860 409 le-

128 423 190 451 gibus
204 422 318 443 criminum
334 422 468 451 quaestiones
483 427 637 443 exercerentur.

156 486 248 509 Romani
256 502 262 513 ,
273 485 331 515 apud
343 493 396 516 quos
408 493 491 507 summa
501 491 546 507 erut
555 486 681 507 Praetorum
696 486 718 507 in
733 486 780 514 jure
791 493 860 508 emen-

129 519 200 542 dando
214 524 318 548 potestas,
333 520 363 540 ita
379 524 450 540 tamen
463 525 488 540 ut
499 526 523 540 ea
538 526 592 548 quae
608 527 633 540 ex
646 519 723 540 annuis
739 526 812 540 eorum
828 519 859 540 le-

130 553 190 581 gibus
208 553 230 573 in
246 551 350 574 assiduam
365 551 536 580 jurisdictionem
551 559 664 579 conversa,
683 552 727 573 sive
744 552 766 573 in
786 559 861 573 eorum

129 585 211 608 Edictis
223 585 325 607 tralatitia
335 585 390 606 facta
402 590 473 613 erant⁷
486 585 546 607 velut
562 586 628 606 tacito
638 586 744 606 utentium
757 593 861 607 consensu

129 619 245 640 constituta
260 625 303 640 esse
319 623 468 646 censerentur,
484 617 536 639 dum
553 618 613 639 stetit
633 617 732 646 libertas,
749 625 860 647 nunquam

129 651 184 680 passi
198 655 259 677 sunt,
276 655 301 671 ut
317 658 342 671 ex
357 650 395 672 tali
410 651 457 679 jure
474 649 534 671 aliud
555 658 620 680 quam
637 652 738 679 pecuniae
758 650 860 672 damnum

129 691 211 713 poenae
223 683 310 705 nomine
320 683 456 711 irrogaretur.
472 683 542 712 Atque
554 683 610 704 illud
622 682 680 712 quod
691 683 756 711 vulgo
769 682 860 711 dicitur,

129 716 229 738 infamiae
241 723 331 745 poenam
343 715 425 737 Edictis
438 716 564 737 Praetorum
580 715 725 737 introductam
742 723 798 744 esse,
814 724 860 738 ere-

129 750 188 772 brius
199 756 263 779 quam
278 749 348 770 verius
359 749 402 770 dici
413 750 456 778 jam
472 748 555 778 pridem
570 749 593 770 in
608 749 647 771 hac
662 754 733 770 nostra
746 749 860 771 Academia

131 782 299 805 demonstratum
309 788 340 804 est
349 781 405 813 (27).
416 783 476 804 Nihil
490 782 550 804 aliud
561 783 619 804 enim
633 783 656 804 iu
669 783 708 804 hac
718 791 740 805 re
750 783 860 805 Praetores

132 816 228 838 feceruut
243 823 307 845 quam
322 821 346 837 ut
362 816 385 837 in
400 823 452 844 eos,
469 816 506 845 qui
523 824 547 837 ex
560 817 670 837 communi
685 816 797 838 hominum
812 817 859 845 opi-

131 850 195 871 nione
210 848 300 877 irfizmia
314 849 445 870 notabantur
461 849 494 870 vel
508 849 642 878 turpitudine
658 857 695 871 sua
708 849 814 871 notabiles
827 858 861 871 ex-
877 844 880 847 ⁴

131 882 291 910 intimabuntur⁷
302 887 366 911 atque
376 886 486 910 propterea
496 883 539 910 jam
550 889 575 903 ex
586 881 667 910 legibus
678 882 793 911 multiplici
803 884 860 912 igno-

130 916 196 939 minia
208 914 322 936 adficiendi
332 920 404 942 erant,
418 914 472 936 hanc
484 922 570 944 quoque
580 915 707 943 ignominiae
721 921 794 936 notam
809 917 860 936 irro-

131 953 220 976 garent,
231 953 257 969 ut
271 955 283 969 a
297 947 425 976 postulando
439 947 497 976 apud
511 955 533 969 se
550 955 585 969 eos
601 948 663 969 variis
678 947 747 969 modis
762 947 860 976 prohibe-

130 986 184 1002 rent.
199 980 260 1008 Quot
270 987 321 1006 vtero
334 980 390 1008 leges
401 979 531 1008 judiciorum
545 980 681 1009 publicorum
692 980 783 1002 durante
794 980 859 1003 libera

131 1014 160 1035 Re
177 1013 265 1034 Publica
284 1013 376 1042 perlatae
392 1013 449 1040 sint,
466 1013 566 1034 omuibus
585 1019 660 1034 notum
678 1018 723 1041 est⁷
738 1019 759 1034 et
772 1014 794 1034 in
810 1014 859 1043 ipsis

131 1047 156 1068 iis
171 1047 331 1076 quaestionibus
343 1054 396 1076 quae
407 1046 515 1068 interdum
526 1051 584 1067 extra
597 1046 708 1074 ordinem,
722 1046 764 1068 illis
778 1046 860 1075 iegibus

131 1080 281 1108 manhatum,
294 1079 367 1101 haberi
378 1084 536 1108 poterant7non
548 1085 630 1109 semper
641 1087 665 1101 ex
676 1087 733 1101 more
745 1081 859 1110 majorum,

131 1112 167 1135 red
179 1112 270 1134 subinde
279 1113 344 1134 etiam
359 1120 383 1134 ex.
395 1113 502 1135 veteribus
516 1112 596 1142 legibue
612 1113 753 1143 quaerebatur
764 1113 820 1143 (28).
829 1114 860 1135 Si-
